,time,price,change,volume,amount,type
0,15:00:00,25.25,--,0,0,卖盘
1,15:00:00,25.25,--,0,0,卖盘
2,15:00:00,25.25,-0.01,10,25250,卖盘
3,14:59:59,25.26,--,18,45468,买盘
4,14:59:57,25.26,--,103,260178,买盘
5,14:59:54,25.26,--,25,63150,买盘
6,14:59:51,25.26,0.01,75,189450,买盘
7,14:59:48,25.25,--,14,35350,卖盘
8,14:59:45,25.25,--,1,2525,卖盘
9,14:59:42,25.25,--,10,25250,卖盘
10,14:59:39,25.25,--,1,2525,卖盘
11,14:59:36,25.25,--,161,406525,买盘
12,14:59:33,25.25,--,92,232300,买盘
13,14:59:30,25.25,--,11,27775,买盘
14,14:59:27,25.25,--,42,106050,买盘
15,14:59:24,25.25,--,992,2504800,卖盘
16,14:59:21,25.25,-0.01,29,73225,卖盘
17,14:59:18,25.26,0.01,153,386478,买盘
18,14:59:15,25.25,--,12,30300,卖盘
19,14:59:12,25.25,--,48,121200,卖盘
20,14:59:09,25.25,--,435,1098375,卖盘
21,14:59:06,25.25,--,7,17675,卖盘
22,14:59:03,25.25,--,7,17675,买盘
23,14:59:00,25.25,--,16,40400,买盘
24,14:58:57,25.25,-0.01,65,164125,买盘
25,14:58:54,25.26,0.01,237,598662,买盘
26,14:58:51,25.25,-0.01,352,889633,卖盘
27,14:58:48,25.26,--,108,272808,买盘
28,14:58:45,25.26,--,50,126300,买盘
29,14:58:42,25.26,0.01,2,5052,买盘
30,14:58:39,25.25,-0.01,51,128775,卖盘
31,14:58:36,25.26,0.01,39,98514,买盘
32,14:58:33,25.25,--,153,386325,卖盘
33,14:58:30,25.25,--,24,60600,卖盘
34,14:58:27,25.25,--,39,98475,卖盘
35,14:58:24,25.25,-0.01,72,181800,卖盘
36,14:58:21,25.26,0.01,59,150726,买盘
37,14:58:18,25.25,--,296,747400,买盘
38,14:58:15,25.25,--,77,194425,买盘
39,14:58:12,25.25,--,75,189375,买盘
40,14:58:09,25.25,0.01,19,47975,买盘
41,14:58:06,25.24,-0.01,224,565376,卖盘
42,14:58:03,25.25,0.01,40,101000,买盘
43,14:58:00,25.24,--,10,25240,卖盘
44,14:57:57,25.24,--,15,37860,卖盘
45,14:57:54,25.24,--,35,88340,卖盘
46,14:57:50,25.24,-0.01,225,567900,卖盘
47,14:57:48,25.25,0.01,47,118675,买盘
48,14:57:45,25.24,-0.01,18,45432,卖盘
49,14:57:42,25.25,0.01,5,12625,买盘
50,14:57:36,25.24,--,14,35336,卖盘
51,14:57:33,25.24,-0.01,3,7571,卖盘
52,14:57:27,25.25,--,79,199475,买盘
53,14:57:23,25.25,0.02,10,25250,买盘
54,14:57:21,25.23,-0.02,307,774561,卖盘
55,14:57:18,25.25,0.01,985,2487125,买盘
56,14:57:15,25.24,--,10,25240,买盘
57,14:57:12,25.24,0.01,151,381124,买盘
58,14:57:09,25.23,-0.01,1,2523,买盘
59,14:57:05,25.24,0.01,90,227160,买盘
60,14:56:56,25.23,-0.01,11,27753,卖盘
61,14:56:53,25.24,0.01,4,10096,买盘
62,14:56:50,25.23,--,39,98397,卖盘
63,14:56:47,25.23,0.01,4,10092,买盘
64,14:56:45,25.22,-0.01,58,146276,卖盘
65,14:56:41,25.23,--,260,655980,买盘
66,14:56:38,25.23,0.01,68,171564,买盘
67,14:56:35,25.22,-0.01,101,254722,卖盘
68,14:56:29,25.23,0.01,20,50460,买盘
69,14:56:26,25.22,-0.01,347,875134,卖盘
70,14:56:20,25.23,--,6,15138,买盘
71,14:56:17,25.23,--,32,80736,买盘
72,14:56:14,25.23,--,12,30276,买盘
73,14:56:11,25.23,-0.02,63,158949,卖盘
74,14:56:08,25.25,--,50,126250,买盘
75,14:56:05,25.25,0.01,13,32825,买盘
76,14:56:02,25.24,-0.01,9,22716,卖盘
77,14:55:59,25.25,--,4,10100,买盘
78,14:55:56,25.25,--,10,25250,买盘
79,14:55:50,25.25,--,5,12625,买盘
80,14:55:47,25.25,-0.01,29,74058,卖盘
81,14:55:44,25.26,0.01,14,35364,买盘
82,14:55:41,25.25,--,4,10100,卖盘
83,14:55:38,25.25,--,30,75750,卖盘
84,14:55:35,25.25,--,11,27775,卖盘
85,14:55:32,25.25,0.03,929,2347416,买盘
86,14:55:29,25.22,-0.02,28,70616,卖盘
87,14:55:26,25.24,--,18,45432,买盘
88,14:55:20,25.24,--,6,15143,买盘
89,14:55:17,25.24,0.02,369,931356,买盘
90,14:55:14,25.22,-0.03,20,50440,卖盘
91,14:55:11,25.25,0.04,945,2386125,买盘
92,14:55:08,25.21,-0.01,42,105882,卖盘
93,14:55:05,25.22,-0.02,5,12610,卖盘
94,14:55:02,25.24,0.02,3,7571,买盘
95,14:54:59,25.22,0.01,27,68094,买盘
96,14:54:56,25.21,-0.01,7,17647,卖盘
97,14:54:50,25.22,--,55,138710,买盘
98,14:54:47,25.22,0.01,2,5044,买盘
99,14:54:44,25.21,-0.01,123,310083,卖盘
100,14:54:41,25.22,0.01,20,50440,买盘
101,14:54:38,25.21,-0.01,6,15126,卖盘
102,14:54:35,25.22,--,10,25220,买盘
103,14:54:29,25.22,0.01,1,2522,买盘
104,14:54:26,25.21,--,23,57983,卖盘
105,14:54:20,25.21,--,16,40336,卖盘
106,14:54:17,25.21,--,13,32773,卖盘
107,14:54:14,25.21,-0.01,55,138655,卖盘
108,14:54:11,25.22,0.01,32,80704,买盘
109,14:54:08,25.21,--,33,83193,卖盘
110,14:54:05,25.21,-0.01,13,32773,卖盘
111,14:54:02,25.22,--,26,65572,买盘
112,14:53:59,25.22,--,5,12610,买盘
113,14:53:56,25.22,-0.03,289,728858,卖盘
114,14:53:53,25.25,0.01,17,42925,买盘
115,14:53:50,25.24,-0.01,6,15143,卖盘
116,14:53:47,25.25,--,5,12625,买盘
117,14:53:44,25.25,--,420,1061333,卖盘
118,14:53:41,25.25,--,30,75750,卖盘
119,14:53:38,25.25,0.01,549,1387916,买盘
120,14:53:35,25.24,--,44,111056,卖盘
121,14:53:32,25.24,-0.01,7,17668,卖盘
122,14:53:29,25.25,0.01,12,30300,买盘
123,14:53:26,25.24,0.02,8,20192,买盘
124,14:53:23,25.22,-0.04,400,1008800,卖盘
125,14:53:11,25.26,0.05,40,101040,买盘
126,14:53:08,25.21,--,0,0,卖盘
127,14:53:05,25.21,-0.04,99,249755,卖盘
128,14:53:02,25.25,--,9,22725,卖盘
129,14:52:59,25.25,0.03,929,2348073,买盘
130,14:52:56,25.22,0.01,27,68094,中性盘
131,14:52:53,25.21,-0.03,6,15126,卖盘
132,14:52:50,25.24,0.03,499,1259476,买盘
133,14:52:47,25.21,--,7,17647,卖盘
134,14:52:44,25.21,--,7,17647,卖盘
135,14:52:35,25.21,-0.01,40,100840,卖盘
136,14:52:32,25.22,0.01,2,5044,中性盘
137,14:52:29,25.21,--,14,35294,卖盘
138,14:52:26,25.21,--,8,20168,卖盘
139,14:52:23,25.21,-0.01,39,98319,卖盘
140,14:52:20,25.22,0.01,14,35308,买盘
141,14:52:14,25.21,0.01,11,27731,买盘
142,14:52:08,25.2,--,6,15120,卖盘
143,14:52:05,25.2,--,10,25200,卖盘
144,14:52:02,25.2,-0.02,17,42840,卖盘
145,14:51:59,25.22,--,0,0,中性盘
146,14:51:56,25.22,-0.02,3,7566,卖盘
147,14:51:53,25.24,0.02,100,252399,买盘
148,14:51:47,25.22,--,2,5044,卖盘
149,14:51:44,25.22,0.02,14,35308,买盘
150,14:51:41,25.2,-0.02,963,2427465,卖盘
151,14:51:38,25.22,-0.01,4,10088,中性盘
152,14:51:31,25.23,--,151,380973,买盘
153,14:51:28,25.23,0.01,14,35322,买盘
154,14:51:22,25.22,--,29,73138,卖盘
155,14:51:19,25.22,--,8,20176,卖盘
156,14:51:13,25.22,-0.01,5,12610,卖盘
157,14:51:04,25.23,--,5,12615,买盘
158,14:51:01,25.23,-0.01,7,17661,卖盘
159,14:50:58,25.24,0.01,11,27764,买盘
160,14:50:55,25.23,--,16,40368,卖盘
161,14:50:52,25.23,--,5,12615,卖盘
162,14:50:49,25.23,--,2,5046,卖盘
163,14:50:43,25.23,-0.01,10,25230,卖盘
164,14:50:40,25.24,--,3,7571,买盘
165,14:50:37,25.24,--,100,252399,买盘
166,14:50:34,25.24,--,224,565376,卖盘
167,14:50:28,25.24,-0.01,14,35336,卖盘
168,14:50:25,25.25,--,9,22725,买盘
169,14:50:22,25.25,--,32,80800,买盘
170,14:50:19,25.25,--,8,20200,买盘
171,14:50:16,25.25,--,275,694375,卖盘
172,14:50:13,25.25,--,270,681750,买盘
173,14:50:10,25.25,--,9,22725,买盘
174,14:50:04,25.25,--,19,47975,买盘
175,14:49:58,25.25,-0.03,371,936775,卖盘
176,14:49:49,25.28,--,1,2528,买盘
177,14:49:46,25.28,0.02,7,17696,买盘
178,14:49:43,25.26,-0.02,14,35364,卖盘
179,14:49:37,25.28,-0.01,1,2528,买盘
180,14:49:34,25.29,--,327,826983,买盘
181,14:49:31,25.29,--,10,25290,买盘
182,14:49:28,25.29,--,12,30348,买盘
183,14:49:25,25.29,-0.01,11,27819,中性盘
184,14:49:22,25.3,0.01,23,58190,买盘
185,14:49:19,25.29,--,23,58167,卖盘
186,14:49:16,25.29,--,4,10116,卖盘
187,14:49:13,25.29,-0.01,505,1277145,卖盘
188,14:49:10,25.3,0.01,6,15180,买盘
189,14:49:07,25.29,--,15,37935,卖盘
190,14:49:04,25.29,--,3,7587,卖盘
191,14:49:01,25.29,-0.01,57,144153,卖盘
192,14:48:58,25.3,--,10,25300,买盘
193,14:48:55,25.3,--,19,48070,买盘
194,14:48:52,25.3,--,59,149270,买盘
195,14:48:49,25.3,--,502,1270060,买盘
196,14:48:46,25.3,-0.01,193,488618,卖盘
197,14:48:43,25.31,-0.01,284,721005,买盘
198,14:48:40,25.32,0.02,23,58236,买盘
199,14:48:37,25.3,-0.01,62,156860,卖盘
200,14:48:34,25.31,--,180,455580,卖盘
201,14:48:31,25.31,0.01,77,194887,买盘
202,14:48:28,25.3,--,65,164450,卖盘
203,14:48:25,25.3,--,151,382030,卖盘
204,14:48:22,25.3,--,96,242880,卖盘
205,14:48:19,25.3,--,133,336490,卖盘
206,14:48:16,25.3,--,382,966460,卖盘
207,14:48:13,25.3,--,87,220110,卖盘
208,14:48:10,25.3,--,75,189750,卖盘
209,14:48:07,25.3,--,10,25300,卖盘
210,14:48:04,25.3,0.02,325,822250,买盘
211,14:48:01,25.28,-0.02,2,5056,卖盘
212,14:47:58,25.3,--,0,0,买盘
213,14:47:55,25.3,0.01,1199,3033470,买盘
214,14:47:52,25.29,0.03,44,111276,买盘
215,14:47:49,25.26,-0.02,32,80832,卖盘
216,14:47:43,25.28,0.02,1,2528,买盘
217,14:47:40,25.26,--,3,7578,卖盘
218,14:47:34,25.26,0.01,7,17682,买盘
219,14:47:31,25.25,-0.05,10,25250,卖盘
220,14:47:28,25.3,0.04,1229,3109370,买盘
221,14:47:25,25.26,0.01,9,22734,买盘
222,14:47:22,25.25,-0.01,5,12625,卖盘
223,14:47:19,25.26,0.01,3,7578,买盘
224,14:47:16,25.25,--,20,50500,卖盘
225,14:47:10,25.25,--,13,32825,卖盘
226,14:47:07,25.25,--,13,32825,卖盘
227,14:46:58,25.25,--,32,80800,卖盘
228,14:46:55,25.25,-0.01,18,45450,卖盘
229,14:46:52,25.26,--,78,197028,买盘
230,14:46:43,25.26,0.01,57,143982,买盘
231,14:46:40,25.25,--,7,17675,卖盘
232,14:46:37,25.25,-0.01,6,15150,卖盘
233,14:46:34,25.26,0.01,7,17682,买盘
234,14:46:31,25.25,--,25,63125,卖盘
235,14:46:28,25.25,-0.01,42,106050,卖盘
236,14:46:25,25.26,0.05,226,570876,买盘
237,14:46:22,25.21,-0.02,30,75630,卖盘
238,14:46:19,25.23,-0.02,2,5046,中性盘
239,14:46:16,25.25,0.04,499,1259975,买盘
240,14:46:13,25.21,-0.02,5,12605,卖盘
241,14:46:04,25.23,--,5,12615,买盘
242,14:46:01,25.23,0.02,3,7569,买盘
243,14:45:58,25.21,-0.03,201,506721,卖盘
244,14:45:55,25.24,-0.01,1,2524,买盘
245,14:45:52,25.25,--,42,106050,买盘
246,14:45:49,25.25,0.02,7,17675,买盘
247,14:45:46,25.23,0.02,3,7569,中性盘
248,14:45:43,25.21,-0.03,300,756300,卖盘
249,14:45:40,25.24,-0.01,2,5048,卖盘
250,14:45:37,25.25,0.01,17,42925,买盘
251,14:45:34,25.24,-0.01,3,7571,卖盘
252,14:45:28,25.25,--,32,80800,买盘
253,14:45:25,25.25,--,0,0,买盘
254,14:45:22,25.25,0.01,10,25250,买盘
255,14:45:19,25.24,--,3,7571,买盘
256,14:45:16,25.24,--,28,70672,卖盘
257,14:45:10,25.24,--,2,5048,卖盘
258,14:45:07,25.24,--,6,15143,卖盘
259,14:45:03,25.24,-0.01,4,10096,买盘
260,14:45:01,25.25,0.02,42,106050,买盘
261,14:44:57,25.23,--,17,42891,买盘
262,14:44:53,25.23,--,5,12615,卖盘
263,14:44:51,25.23,--,505,1274115,卖盘
264,14:44:48,25.23,-0.02,6,15138,卖盘
265,14:44:45,25.25,0.02,2,5050,买盘
266,14:44:39,25.23,--,1,2523,卖盘
267,14:44:36,25.23,-0.02,12,30276,卖盘
268,14:44:32,25.25,0.02,490,1237250,买盘
269,14:44:29,25.23,-0.02,25,63075,卖盘
270,14:44:26,25.25,--,19,47975,卖盘
271,14:44:24,25.25,-0.01,105,265125,卖盘
272,14:44:21,25.26,0.01,101,255126,买盘
273,14:44:18,25.25,0.02,380,959500,买盘
274,14:44:14,25.23,--,4,10092,买盘
275,14:44:11,25.23,--,2,5046,买盘
276,14:44:08,25.23,--,4,10092,卖盘
277,14:44:06,25.23,-0.01,22,55506,卖盘
278,14:44:02,25.24,0.01,4,10096,买盘
279,14:43:59,25.23,--,12,30276,卖盘
280,14:43:57,25.23,-0.02,297,749331,卖盘
281,14:43:54,25.25,--,344,868600,买盘
282,14:43:47,25.25,0.02,2,5050,买盘
283,14:43:44,25.23,-0.02,32,80736,卖盘
284,14:43:42,25.25,--,10,25250,买盘
285,14:43:39,25.25,0.04,12,30300,买盘
286,14:43:36,25.21,-0.04,717,1807557,卖盘
287,14:43:32,25.25,--,48,121200,卖盘
288,14:43:29,25.25,--,10,25250,卖盘
289,14:43:26,25.25,-0.01,1602,4045050,卖盘
290,14:43:23,25.26,-0.03,2,5052,买盘
291,14:43:21,25.29,0.03,23,58167,买盘
292,14:43:17,25.26,0.01,38,95988,中性盘
293,14:43:14,25.25,--,3,7575,卖盘
294,14:43:08,25.25,--,10,25250,卖盘
295,14:43:06,25.25,--,2,5050,卖盘
296,14:43:03,25.25,--,22,55550,卖盘
297,14:42:59,25.25,--,58,146450,卖盘
298,14:42:56,25.25,0.05,216,545400,买盘
299,14:42:54,25.2,--,1,2520,卖盘
300,14:42:51,25.2,0.02,10,25200,卖盘
301,14:42:47,25.18,--,30,75540,卖盘
302,14:42:44,25.18,-0.02,2,5036,卖盘
303,14:42:39,25.2,0.02,1,2520,买盘
304,14:42:35,25.18,0.01,2,5036,中性盘
305,14:42:32,25.17,-0.02,63,158571,卖盘
306,14:42:26,25.19,-0.04,3,7557,卖盘
307,14:42:23,25.23,0.06,4,10092,买盘
308,14:42:20,25.17,0.02,23,57891,买盘
309,14:42:18,25.15,-0.03,2,5030,卖盘
310,14:42:14,25.18,0.03,3,7554,中性盘
311,14:42:11,25.15,--,13,32694,卖盘
312,14:42:08,25.15,-0.03,505,1270075,卖盘
313,14:42:05,25.18,0.03,6,15108,买盘
314,14:42:02,25.15,--,68,171020,卖盘
315,14:41:59,25.15,--,5,12575,卖盘
316,14:41:56,25.15,0.03,16,40240,卖盘
317,14:41:54,25.12,0.02,10,25120,卖盘
318,14:41:50,25.1,--,4,10040,卖盘
319,14:41:47,25.1,-0.01,307,770570,卖盘
320,14:41:44,25.11,--,5,12555,卖盘
321,14:41:42,25.11,--,6,15066,卖盘
322,14:41:38,25.11,-0.04,12,30132,卖盘
323,14:41:35,25.15,--,17,42755,买盘
324,14:41:32,25.15,--,1,2515,买盘
325,14:41:29,25.15,0.02,49,123235,买盘
326,14:41:26,25.13,--,1,2513,卖盘
327,14:41:23,25.13,-0.04,38,95494,卖盘
328,14:41:21,25.17,0.01,7,17619,买盘
329,14:41:17,25.16,--,101,254116,卖盘
330,14:41:14,25.16,-0.02,12,30192,卖盘
331,14:41:11,25.18,0.02,20,50360,买盘
332,14:41:08,25.16,0.01,5,12580,中性盘
333,14:41:05,25.15,-0.03,3,7545,卖盘
334,14:41:02,25.18,--,93,234174,买盘
335,14:40:59,25.18,0.03,6,15108,买盘
336,14:40:56,25.15,-0.04,5,12575,卖盘
337,14:40:53,25.19,0.01,189,476091,买盘
338,14:40:50,25.18,-0.01,30,75540,卖盘
339,14:40:47,25.19,0.01,9,22671,买盘
340,14:40:44,25.18,--,4,10072,卖盘
341,14:40:41,25.18,0.03,12,30216,卖盘
342,14:40:38,25.15,-0.04,33,82995,卖盘
343,14:40:36,25.19,--,32,80608,卖盘
344,14:40:33,25.19,-0.01,35,88165,卖盘
345,14:40:29,25.2,--,1,2520,买盘
346,14:40:27,25.2,0.01,21,52920,中性盘
347,14:40:23,25.19,-0.01,27,68013,卖盘
348,14:40:21,25.2,--,110,277200,卖盘
349,14:40:18,25.2,--,100,252000,卖盘
350,14:40:14,25.2,-0.02,12,30240,卖盘
351,14:40:11,25.22,0.01,3,7566,中性盘
352,14:40:08,25.21,-0.02,22,55462,卖盘
353,14:40:05,25.23,--,122,307806,卖盘
354,14:40:02,25.23,--,18,45414,卖盘
355,14:39:59,25.23,-0.01,71,179133,卖盘
356,14:39:56,25.24,0.01,16,40384,买盘
357,14:39:53,25.23,-0.01,3,7569,卖盘
358,14:39:47,25.24,--,13,32812,买盘
359,14:39:44,25.24,-0.02,801,2021723,卖盘
360,14:39:41,25.26,0.01,101,255126,买盘
361,14:39:38,25.25,--,99,249975,卖盘
362,14:39:35,25.25,-0.01,2,5050,卖盘
363,14:39:32,25.26,-0.01,409,1033134,卖盘
364,14:39:29,25.27,--,6,15162,买盘
365,14:39:26,25.27,0.01,10,25270,买盘
366,14:39:23,25.26,-0.02,17,42942,卖盘
367,14:39:20,25.28,0.02,195,492960,买盘
368,14:39:17,25.26,--,2,5052,卖盘
369,14:39:14,25.26,--,4,10104,卖盘
370,14:39:11,25.26,--,54,136404,卖盘
371,14:39:05,25.26,--,52,131352,卖盘
372,14:39:02,25.26,--,10,25260,卖盘
373,14:38:59,25.26,--,5,12630,卖盘
374,14:38:56,25.26,-0.01,17,42942,卖盘
375,14:38:53,25.27,0.01,5,12635,卖盘
376,14:38:50,25.26,-0.01,53,133878,卖盘
377,14:38:47,25.27,--,4,10108,卖盘
378,14:38:44,25.27,--,115,290605,卖盘
379,14:38:41,25.27,--,14,35378,卖盘
380,14:38:38,25.27,--,4,10108,卖盘
381,14:38:35,25.27,0.01,18,45486,买盘
382,14:38:32,25.26,--,62,156612,卖盘
383,14:38:29,25.26,--,103,260178,买盘
384,14:38:26,25.26,--,5,12630,买盘
385,14:38:23,25.26,0.01,18,45468,买盘
386,14:38:20,25.25,-0.01,2,5050,卖盘
387,14:38:17,25.26,-0.01,6,15156,卖盘
388,14:38:14,25.27,0.01,9,22743,买盘
389,14:38:11,25.26,--,66,166716,卖盘
390,14:38:08,25.26,--,10,25260,卖盘
391,14:38:05,25.26,--,8,20208,卖盘
392,14:37:59,25.26,-0.02,84,212184,卖盘
393,14:37:56,25.28,0.01,1,2528,买盘
394,14:37:53,25.27,-0.02,561,1418480,卖盘
395,14:37:50,25.29,-0.02,3,7587,卖盘
396,14:37:47,25.31,--,6,15186,买盘
397,14:37:44,25.31,0.02,3,7593,买盘
398,14:37:41,25.29,-0.01,2,5058,卖盘
399,14:37:38,25.3,-0.01,555,1404150,卖盘
400,14:37:35,25.31,--,51,129081,卖盘
401,14:37:32,25.31,-0.01,51,129081,卖盘
402,14:37:29,25.32,--,2,5064,买盘
403,14:37:26,25.32,0.01,1,2532,买盘
404,14:37:23,25.31,-0.02,49,124019,卖盘
405,14:37:20,25.33,0.01,128,324224,买盘
406,14:37:17,25.32,--,83,210156,卖盘
407,14:37:14,25.32,--,91,230412,卖盘
408,14:37:11,25.32,-0.01,78,197496,卖盘
409,14:37:08,25.33,0.01,51,129182,买盘
410,14:37:05,25.32,--,54,136728,卖盘
411,14:37:02,25.32,--,50,126600,卖盘
412,14:36:59,25.32,--,63,159516,卖盘
413,14:36:56,25.32,-0.01,68,172176,卖盘
414,14:36:53,25.33,0.01,85,215305,买盘
415,14:36:50,25.32,-0.01,2,5064,卖盘
416,14:36:47,25.33,0.01,12,30395,买盘
417,14:36:41,25.32,-0.01,3,7596,卖盘
418,14:36:38,25.33,-0.02,51,129182,卖盘
419,14:36:35,25.35,0.02,56,141960,买盘
420,14:36:32,25.33,--,51,129182,卖盘
421,14:36:29,25.33,-0.02,50,126649,卖盘
422,14:36:26,25.35,0.02,55,139425,买盘
423,14:36:23,25.33,-0.02,52,131716,卖盘
424,14:36:20,25.35,--,220,557700,买盘
425,14:36:17,25.35,--,6,15210,买盘
426,14:36:14,25.35,0.01,11,27885,买盘
427,14:36:11,25.34,-0.01,43,108962,卖盘
428,14:36:08,25.35,--,53,134355,买盘
429,14:36:05,25.35,--,1,2535,买盘
430,14:36:02,25.35,--,304,770640,卖盘
431,14:35:59,25.35,--,75,190125,卖盘
432,14:35:56,25.35,--,55,139425,卖盘
433,14:35:53,25.35,--,91,230685,卖盘
434,14:35:50,25.35,--,54,136890,卖盘
435,14:35:47,25.35,0.01,130,329550,买盘
436,14:35:44,25.34,--,50,126700,卖盘
437,14:35:41,25.34,--,53,134302,卖盘
438,14:35:38,25.34,-0.01,51,129234,卖盘
439,14:35:35,25.35,--,2,5070,买盘
440,14:35:32,25.35,0.01,8,20280,买盘
441,14:35:29,25.34,-0.01,49,124166,卖盘
442,14:35:26,25.35,--,60,152100,卖盘
443,14:35:23,25.35,--,5,12675,卖盘
444,14:35:20,25.35,-0.01,20,50700,卖盘
445,14:35:17,25.36,0.01,10,25360,买盘
446,14:35:14,25.35,--,981,2486835,卖盘
447,14:35:11,25.35,-0.01,593,1503255,卖盘
448,14:35:08,25.36,0.01,176,446336,买盘
449,14:35:05,25.35,--,63,159705,卖盘
450,14:35:02,25.35,-0.01,58,147030,卖盘
451,14:34:59,25.36,0.01,17,43112,买盘
452,14:34:56,25.35,-0.01,6,15210,卖盘
453,14:34:53,25.36,--,56,142016,卖盘
454,14:34:50,25.36,--,81,205416,卖盘
455,14:34:47,25.36,-0.01,168,426048,卖盘
456,14:34:44,25.37,--,3,7611,买盘
457,14:34:41,25.37,--,12,30444,买盘
458,14:34:38,25.37,--,136,345032,卖盘
459,14:34:35,25.37,--,5,12685,卖盘
460,14:34:32,25.37,0.01,185,469345,买盘
461,14:34:29,25.36,-0.01,102,258672,卖盘
462,14:34:26,25.37,--,2,5074,买盘
463,14:34:23,25.37,--,25,63425,买盘
464,14:34:20,25.37,-0.01,248,629176,卖盘
465,14:34:17,25.38,-0.01,42,106596,中性盘
466,14:34:14,25.39,0.01,92,233588,买盘
467,14:34:11,25.38,--,72,182736,买盘
468,14:34:08,25.38,0.01,31,78678,买盘
469,14:34:05,25.37,-0.01,10,25370,卖盘
470,14:34:02,25.38,--,44,111672,买盘
471,14:33:59,25.38,--,49,124362,买盘
472,14:33:56,25.38,0.01,102,258876,买盘
473,14:33:53,25.37,--,19,48203,买盘
474,14:33:50,25.37,0.03,15,38055,买盘
475,14:33:47,25.34,-0.03,15,38010,卖盘
476,14:33:44,25.37,0.04,71,180127,买盘
477,14:33:41,25.33,-0.04,420,1063860,卖盘
478,14:33:38,25.37,0.04,712,1806344,买盘
479,14:33:35,25.33,-0.03,5,12665,卖盘
480,14:33:32,25.36,0.04,2533,6423688,买盘
481,14:33:29,25.32,--,13,32916,卖盘
482,14:33:26,25.32,-0.02,18,45576,卖盘
483,14:33:23,25.34,0.02,411,1041474,买盘
484,14:33:20,25.32,--,106,268392,卖盘
485,14:33:17,25.32,-0.01,5,12660,卖盘
486,14:33:14,25.33,0.01,91,230502,买盘
487,14:33:11,25.32,--,86,217752,卖盘
488,14:33:08,25.32,--,11,27852,卖盘
489,14:33:05,25.32,--,63,159516,买盘
490,14:33:02,25.32,0.01,278,703896,买盘
491,14:32:59,25.31,-0.01,29,73399,卖盘
492,14:32:56,25.32,0.01,1,2532,买盘
493,14:32:50,25.31,--,9,22779,卖盘
494,14:32:47,25.31,-0.01,84,212604,卖盘
495,14:32:44,25.32,0.01,1,2532,买盘
496,14:32:41,25.31,-0.01,50,126550,中性盘
497,14:32:37,25.32,0.02,100,253200,买盘
498,14:32:34,25.3,--,33,83490,卖盘
499,14:32:26,25.3,--,10,25300,卖盘
500,14:32:23,25.3,--,9,22770,卖盘
501,14:32:20,25.3,-0.02,151,382030,卖盘
502,14:32:16,25.32,0.02,243,616972,买盘
503,14:32:11,25.3,--,4,10120,卖盘
504,14:32:07,25.3,--,4,10120,卖盘
505,14:32:05,25.3,--,6,15180,卖盘
506,14:32:01,25.3,--,6,15180,卖盘
507,14:31:58,25.3,0.01,868,2196040,买盘
508,14:31:52,25.29,--,37,93573,卖盘
509,14:31:49,25.29,--,3,7587,卖盘
510,14:31:46,25.29,--,30,75870,卖盘
511,14:31:43,25.29,-0.01,4,10116,卖盘
512,14:31:40,25.3,0.01,80,202400,买盘
513,14:31:34,25.29,--,14,35406,卖盘
514,14:31:31,25.29,--,13,32877,卖盘
515,14:31:28,25.29,-0.01,20,50580,卖盘
516,14:31:25,25.3,0.01,4,10120,买盘
517,14:31:22,25.29,-0.01,54,136566,卖盘
518,14:31:19,25.3,--,6,15180,买盘
519,14:31:13,25.3,--,1,2530,买盘
520,14:31:10,25.3,--,5,12650,买盘
521,14:31:07,25.3,0.01,16,40480,买盘
522,14:31:04,25.29,-0.01,8,20232,卖盘
523,14:31:01,25.3,0.01,1,2530,买盘
524,14:30:58,25.29,-0.01,10,25290,卖盘
525,14:30:52,25.3,0.01,31,78430,买盘
526,14:30:49,25.29,-0.01,7,17703,卖盘
527,14:30:46,25.3,0.01,2,5060,买盘
528,14:30:43,25.29,-0.01,85,214965,卖盘
529,14:30:40,25.3,--,31,78430,买盘
530,14:30:37,25.3,--,6,15180,买盘
531,14:30:34,25.3,--,21,53130,买盘
532,14:30:25,25.3,--,2,5060,买盘
533,14:30:22,25.3,--,51,129030,买盘
534,14:30:19,25.3,--,10,25300,买盘
535,14:30:16,25.3,--,5,12650,买盘
536,14:30:13,25.3,--,21,53130,买盘
537,14:30:10,25.3,0.01,1,2530,买盘
538,14:30:07,25.29,0.01,108,273132,买盘
539,14:30:04,25.28,-0.01,2,5056,卖盘
540,14:30:01,25.29,0.01,3,7587,买盘
541,14:29:58,25.28,--,10,25280,卖盘
542,14:29:55,25.28,--,5,12640,卖盘
543,14:29:52,25.28,--,12,30336,卖盘
544,14:29:49,25.28,-0.01,3,7584,卖盘
545,14:29:34,25.29,-0.01,19,48051,买盘
546,14:29:28,25.3,--,0,0,买盘
547,14:29:25,25.3,--,4,10120,买盘
548,14:29:22,25.3,0.02,47,118910,买盘
549,14:29:19,25.28,-0.01,5,12640,卖盘
550,14:29:16,25.29,--,10,25290,卖盘
551,14:29:10,25.29,--,4,10116,买盘
552,14:29:07,25.29,--,1,2529,买盘
553,14:29:04,25.29,0.01,1,2529,买盘
554,14:29:01,25.28,--,2,5056,买盘
555,14:28:58,25.28,-0.01,202,510656,卖盘
556,14:28:55,25.29,-0.01,6,15174,卖盘
557,14:28:52,25.3,--,34,86020,买盘
558,14:28:49,25.3,--,30,75900,买盘
559,14:28:46,25.3,--,7,17710,买盘
560,14:28:40,25.3,--,8,20240,买盘
561,14:28:31,25.3,0.01,40,101200,买盘
562,14:28:28,25.29,-0.01,10,25290,卖盘
563,14:28:22,25.3,0.01,41,103730,买盘
564,14:28:19,25.29,--,11,27819,卖盘
565,14:28:16,25.29,--,31,78399,卖盘
566,14:28:10,25.29,-0.01,142,359118,卖盘
567,14:28:07,25.3,--,2,5060,买盘
568,14:28:04,25.3,0.01,53,134090,买盘
569,14:27:55,25.29,--,5,12645,卖盘
570,14:27:49,25.29,--,1,2529,卖盘
571,14:27:43,25.29,-0.01,1,2529,卖盘
572,14:27:40,25.3,0.01,21,53130,买盘
573,14:27:37,25.29,--,6,15174,卖盘
574,14:27:34,25.29,-0.01,3,7587,卖盘
575,14:27:31,25.3,--,27,68310,买盘
576,14:27:28,25.3,--,41,103730,买盘
577,14:27:22,25.3,--,22,55660,买盘
578,14:27:19,25.3,--,6,15180,买盘
579,14:27:10,25.3,--,3,7590,买盘
580,14:27:07,25.3,--,1,2530,买盘
581,14:27:04,25.3,--,110,278300,买盘
582,14:27:01,25.3,-0.01,8,20240,卖盘
583,14:26:58,25.31,--,10,25310,买盘
584,14:26:55,25.31,--,124,313844,买盘
585,14:26:52,25.31,--,133,336623,买盘
586,14:26:49,25.31,0.01,34,86054,买盘
587,14:26:46,25.3,--,14,35420,卖盘
588,14:26:43,25.3,--,10,25300,卖盘
589,14:26:40,25.3,0.01,833,2107490,买盘
590,14:26:37,25.29,-0.01,25,63225,卖盘
591,14:26:31,25.3,--,243,614790,买盘
592,14:26:28,25.3,--,66,166980,买盘
593,14:26:25,25.3,--,63,159390,买盘
594,14:26:22,25.3,--,3,7590,卖盘
595,14:26:19,25.3,-0.01,16,40480,中性盘
596,14:26:13,25.31,0.02,100,253100,买盘
597,14:26:09,25.29,-0.01,4,10116,卖盘
598,14:26:07,25.3,--,1,2530,买盘
599,14:26:03,25.3,--,1,2530,买盘
600,14:25:55,25.3,0.02,3,7590,买盘
601,14:25:49,25.28,-0.03,3,7584,卖盘
602,14:25:45,25.31,--,0,0,买盘
603,14:25:43,25.31,0.03,9,22779,买盘
604,14:25:39,25.28,-0.01,11,27808,卖盘
605,14:25:35,25.29,0.01,2,5058,买盘
606,14:25:32,25.28,--,1,2528,卖盘
607,14:25:29,25.28,--,45,113760,卖盘
608,14:25:26,25.28,-0.01,1003,2535584,卖盘
609,14:25:20,25.29,--,13,32877,买盘
610,14:25:17,25.29,--,19,48051,买盘
611,14:25:14,25.29,--,2,5058,买盘
612,14:25:11,25.29,--,5,12645,买盘
613,14:25:05,25.29,--,1,2529,买盘
614,14:25:02,25.29,--,4,10116,买盘
615,14:24:59,25.29,--,88,222552,卖盘
616,14:24:53,25.29,--,2,5058,卖盘
617,14:24:44,25.29,-0.01,2,5058,卖盘
618,14:24:41,25.3,--,9,22770,买盘
619,14:24:38,25.3,--,35,88550,买盘
620,14:24:35,25.3,0.01,43,108790,买盘
621,14:24:26,25.29,-0.01,311,786519,卖盘
622,14:24:23,25.3,-0.01,6,15180,卖盘
623,14:24:20,25.31,0.01,216,546696,买盘
624,14:24:17,25.3,--,13,32890,卖盘
625,14:24:11,25.3,-0.01,6,15180,卖盘
626,14:24:05,25.31,0.02,528,1336368,买盘
627,14:24:02,25.29,--,9,22761,卖盘
628,14:23:59,25.29,--,5,12645,卖盘
629,14:23:44,25.29,--,3,7587,卖盘
630,14:23:41,25.29,-0.01,4,10116,卖盘
631,14:23:38,25.3,--,8,20240,买盘
632,14:23:35,25.3,--,42,106260,买盘
633,14:23:32,25.3,0.01,14,35420,买盘
634,14:23:29,25.29,-0.01,20,50580,卖盘
635,14:23:26,25.3,0.01,203,513590,买盘
636,14:23:23,25.29,-0.01,3,7587,卖盘
637,14:23:20,25.3,--,64,161920,买盘
638,14:23:17,25.3,0.01,20,50600,买盘
639,14:23:14,25.29,-0.01,2,5058,卖盘
640,14:23:11,25.3,--,11,27830,买盘
641,14:23:08,25.3,--,1,2530,买盘
642,14:23:05,25.3,0.01,1,2530,买盘
643,14:23:02,25.29,--,3,7587,卖盘
644,14:22:56,25.29,--,9,22761,卖盘
645,14:22:47,25.29,--,9,22761,卖盘
646,14:22:44,25.29,--,1,2529,卖盘
647,14:22:41,25.29,--,5,12645,卖盘
648,14:22:38,25.29,-0.02,3,7587,卖盘
649,14:22:35,25.31,0.01,44,111364,买盘
650,14:22:29,25.3,0.01,11,27830,买盘
651,14:22:26,25.29,-0.02,3,7587,卖盘
652,14:22:23,25.31,--,29,73399,买盘
653,14:22:20,25.31,0.02,5,12655,买盘
654,14:22:17,25.29,-0.02,7,17703,卖盘
655,14:22:14,25.31,--,1,2531,买盘
656,14:22:11,25.31,0.01,31,78461,买盘
657,14:22:08,25.3,--,3,7590,卖盘
658,14:22:05,25.3,--,496,1254880,买盘
659,14:21:59,25.3,0.01,78,197340,买盘
660,14:21:56,25.29,-0.01,5,12645,卖盘
661,14:21:53,25.3,0.01,6,15180,买盘
662,14:21:47,25.29,-0.01,5,12645,中性盘
663,14:21:38,25.3,0.02,40,101200,买盘
664,14:21:35,25.28,-0.01,255,644640,卖盘
665,14:21:26,25.29,-0.01,1,2529,卖盘
666,14:21:23,25.3,--,6,15180,买盘
667,14:21:20,25.3,--,11,27830,买盘
668,14:21:14,25.3,--,26,65780,买盘
669,14:21:11,25.3,--,7,17710,买盘
670,14:21:08,25.3,--,6,15180,买盘
671,14:21:05,25.3,--,162,409860,卖盘
672,14:21:02,25.3,--,12,30360,卖盘
673,14:20:59,25.3,-0.01,2,5060,卖盘
674,14:20:56,25.31,0.01,116,293596,买盘
675,14:20:53,25.3,--,62,156860,卖盘
676,14:20:50,25.3,--,8,20240,卖盘
677,14:20:47,25.3,--,2,5060,卖盘
678,14:20:44,25.3,--,261,660330,买盘
679,14:20:41,25.3,--,0,0,买盘
680,14:20:38,25.3,0.02,52,131560,买盘
681,14:20:35,25.28,--,0,0,买盘
682,14:20:32,25.28,--,9,22752,买盘
683,14:20:23,25.28,-0.02,29,73312,卖盘
684,14:20:20,25.3,0.02,376,951280,买盘
685,14:20:17,25.28,-0.02,46,116288,买盘
686,14:20:14,25.3,0.04,350,885500,买盘
687,14:20:11,25.26,-0.02,76,191976,卖盘
688,14:20:08,25.28,0.02,504,1274112,买盘
689,14:20:05,25.26,--,30,75780,卖盘
690,14:20:02,25.26,--,4,10104,卖盘
691,14:19:59,25.26,0.01,14,35364,中性盘
692,14:19:56,25.25,--,503,1270075,卖盘
693,14:19:53,25.25,-0.01,1,2525,卖盘
694,14:19:50,25.26,0.01,23,58098,买盘
695,14:19:47,25.25,-0.01,7,17675,卖盘
696,14:19:44,25.26,--,6,15156,买盘
697,14:19:41,25.26,--,44,111144,买盘
698,14:19:38,25.26,--,12,30312,卖盘
699,14:19:35,25.26,-0.01,7,17682,卖盘
700,14:19:29,25.27,--,2,5054,中性盘
701,14:19:26,25.27,--,25,63175,买盘
702,14:19:23,25.27,--,2,5054,买盘
703,14:19:20,25.27,0.01,3,7581,买盘
704,14:19:17,25.26,-0.02,434,1096284,卖盘
705,14:19:11,25.28,--,4,10112,买盘
706,14:19:08,25.28,--,12,30336,买盘
707,14:19:05,25.28,--,2,5056,卖盘
708,14:19:02,25.28,--,9,22752,买盘
709,14:18:59,25.28,--,1,2528,卖盘
710,14:18:53,25.28,--,111,280608,卖盘
711,14:18:44,25.28,-0.01,9,22752,卖盘
712,14:18:41,25.29,0.01,46,116334,买盘
713,14:18:38,25.28,--,1,2528,卖盘
714,14:18:32,25.28,-0.01,69,174432,卖盘
715,14:18:26,25.29,--,16,40464,买盘
716,14:18:23,25.29,--,1,2529,买盘
717,14:18:20,25.29,--,33,83457,买盘
718,14:18:14,25.29,--,89,225081,卖盘
719,14:18:11,25.29,-0.01,1,2529,卖盘
720,14:18:08,25.3,--,233,589490,买盘
721,14:18:02,25.3,0.01,244,617320,买盘
722,14:17:59,25.29,--,4,10116,卖盘
723,14:17:56,25.29,-0.01,10,25290,卖盘
724,14:17:50,25.3,0.01,41,103730,买盘
725,14:17:47,25.29,-0.01,3,7587,卖盘
726,14:17:38,25.3,--,160,404800,卖盘
727,14:17:32,25.3,--,5,12650,卖盘
728,14:17:29,25.3,--,3,7590,卖盘
729,14:17:26,25.3,--,103,260590,卖盘
730,14:17:23,25.3,-0.01,22,55660,卖盘
731,14:17:20,25.31,0.01,6,15186,买盘
732,14:17:14,25.3,--,2,5060,卖盘
733,14:17:08,25.3,--,7,17710,卖盘
734,14:17:05,25.3,0.01,271,685630,买盘
735,14:16:59,25.29,--,5,12645,卖盘
736,14:16:53,25.29,--,7,17703,卖盘
737,14:16:50,25.29,--,11,27819,卖盘
738,14:16:47,25.29,--,51,128979,卖盘
739,14:16:44,25.29,-0.01,3,7587,卖盘
740,14:16:41,25.3,--,305,771650,买盘
741,14:16:38,25.3,--,101,255530,买盘
742,14:16:32,25.3,0.02,11,27830,买盘
743,14:16:26,25.28,-0.01,533,1347424,卖盘
744,14:16:23,25.29,-0.01,2,5058,买盘
745,14:16:20,25.3,--,3,7590,买盘
746,14:16:17,25.3,0.02,3,7590,买盘
747,14:16:14,25.28,--,501,1266528,卖盘
748,14:16:11,25.28,-0.01,15,37920,卖盘
749,14:16:08,25.29,0.01,20,50580,中性盘
750,14:16:05,25.28,-0.02,10,25280,卖盘
751,14:16:02,25.3,0.02,531,1343430,买盘
752,14:15:59,25.28,-0.01,36,91008,卖盘
753,14:15:56,25.29,--,7,17703,中性盘
754,14:15:53,25.29,0.01,12,30348,买盘
755,14:15:50,25.28,-0.01,2,5056,卖盘
756,14:15:47,25.29,--,41,103689,买盘
757,14:15:44,25.29,0.01,7,17703,买盘
758,14:15:41,25.28,--,3,7584,卖盘
759,14:15:38,25.28,--,18,45504,卖盘
760,14:15:35,25.28,-0.01,1,2528,卖盘
761,14:15:29,25.29,--,7,17703,买盘
762,14:15:23,25.29,--,53,134037,买盘
763,14:15:20,25.29,0.01,25,63225,买盘
764,14:15:17,25.28,-0.01,27,68256,卖盘
765,14:15:14,25.29,0.01,1,2529,买盘
766,14:15:08,25.28,-0.02,26,65728,卖盘
767,14:15:05,25.3,0.01,21,53130,买盘
768,14:15:02,25.29,--,11,27819,卖盘
769,14:14:59,25.29,--,6,15174,卖盘
770,14:14:56,25.29,--,9,22761,卖盘
771,14:14:53,25.29,--,4,10116,卖盘
772,14:14:50,25.29,-0.01,15,37935,卖盘
773,14:14:47,25.3,0.01,44,111320,买盘
774,14:14:44,25.29,--,91,230139,卖盘
775,14:14:41,25.29,-0.01,20,50580,卖盘
776,14:14:38,25.3,0.01,2,5060,买盘
777,14:14:35,25.29,--,1,2529,卖盘
778,14:14:32,25.29,--,51,128979,卖盘
779,14:14:29,25.29,-0.01,15,37935,卖盘
780,14:14:20,25.3,--,18,45540,买盘
781,14:14:17,25.3,0.01,23,58190,买盘
782,14:14:14,25.29,-0.01,4,10116,卖盘
783,14:14:11,25.3,-0.02,14,35420,卖盘
784,14:14:08,25.32,0.02,1,2532,买盘
785,14:14:05,25.3,--,14,35420,买盘
786,14:14:02,25.3,--,10,25300,买盘
787,14:13:59,25.3,--,4,10120,买盘
788,14:13:56,25.3,--,10,25300,买盘
789,14:13:53,25.3,--,244,617320,买盘
790,14:13:50,25.3,-0.02,77,194810,卖盘
791,14:13:47,25.32,-0.01,41,103812,买盘
792,14:13:44,25.33,0.01,27,68391,买盘
793,14:13:41,25.32,--,25,63300,买盘
794,14:13:38,25.32,--,1,2532,买盘
795,14:13:34,25.32,-0.01,23,58236,卖盘
796,14:13:31,25.33,--,5,12665,买盘
797,14:13:29,25.33,--,40,101320,买盘
798,14:13:26,25.33,0.01,14,35462,买盘
799,14:13:22,25.32,-0.02,7,17724,卖盘
800,14:13:19,25.34,0.02,14,35476,买盘
801,14:13:17,25.32,-0.02,30,75960,卖盘
802,14:13:13,25.34,0.04,63,159642,买盘
803,14:13:10,25.3,-0.02,3,7590,卖盘
804,14:13:08,25.32,--,6,15192,买盘
805,14:13:04,25.32,--,40,101280,买盘
806,14:13:01,25.32,-0.01,1,2532,买盘
807,14:12:52,25.33,-0.01,2,5066,中性盘
808,14:12:49,25.34,--,42,106428,买盘
809,14:12:47,25.34,0.04,1015,2572010,买盘
810,14:12:43,25.3,-0.03,1578,3992340,卖盘
811,14:12:40,25.33,--,11,27862,买盘
812,14:12:34,25.33,0.01,28,70924,买盘
813,14:12:31,25.32,-0.01,41,103812,卖盘
814,14:12:28,25.33,0.01,40,101320,买盘
815,14:12:25,25.32,-0.01,9,22788,卖盘
816,14:12:20,25.33,0.01,3,7598,买盘
817,14:12:16,25.32,--,21,53172,卖盘
818,14:12:13,25.32,--,197,498804,买盘
819,14:12:10,25.32,0.01,4,10128,买盘
820,14:12:07,25.31,-0.01,33,83523,卖盘
821,14:12:01,25.32,0.01,51,129132,买盘
822,14:11:55,25.31,-0.01,10,25310,卖盘
823,14:11:52,25.32,-0.02,41,103812,中性盘
824,14:11:49,25.34,0.04,374,947716,买盘
825,14:11:46,25.3,-0.01,10,25300,卖盘
826,14:11:43,25.31,--,26,65806,卖盘
827,14:11:40,25.31,-0.02,10,25310,卖盘
828,14:11:37,25.33,0.02,355,899214,买盘
829,14:11:33,25.31,--,3,7593,买盘
830,14:11:28,25.31,0.01,13,32903,买盘
831,14:11:25,25.3,-0.01,9,22770,卖盘
832,14:11:22,25.31,--,144,364464,买盘
833,14:11:19,25.31,--,3,7593,买盘
834,14:11:16,25.31,--,3,7593,买盘
835,14:11:13,25.31,--,25,63275,买盘
836,14:11:10,25.31,--,28,70868,买盘
837,14:11:07,25.31,0.01,13,32903,中性盘
838,14:11:04,25.3,--,11,27830,卖盘
839,14:11:01,25.3,--,17,43010,卖盘
840,14:10:58,25.3,-0.01,23,58190,卖盘
841,14:10:55,25.31,--,114,288534,买盘
842,14:10:52,25.31,--,83,210073,买盘
843,14:10:49,25.31,0.01,12,30372,买盘
844,14:10:46,25.3,--,1,2530,卖盘
845,14:10:43,25.3,--,2,5060,卖盘
846,14:10:40,25.3,--,2,5060,卖盘
847,14:10:33,25.3,--,31,78430,卖盘
848,14:10:28,25.3,--,4,10120,卖盘
849,14:10:25,25.3,--,5,12650,卖盘
850,14:10:22,25.3,--,18,45540,卖盘
851,14:10:19,25.3,0.01,966,2443980,买盘
852,14:10:16,25.29,-0.01,3,7587,卖盘
853,14:10:10,25.3,--,42,106260,买盘
854,14:10:06,25.3,0.01,52,131560,买盘
855,14:10:04,25.29,-0.01,22,55638,卖盘
856,14:10:01,25.3,0.01,3,7590,买盘
857,14:09:58,25.29,-0.01,1,2529,卖盘
858,14:09:55,25.3,--,41,103730,买盘
859,14:09:52,25.3,0.01,6,15180,买盘
860,14:09:49,25.29,-0.01,2,5058,卖盘
861,14:09:46,25.3,--,275,695750,买盘
862,14:09:43,25.3,0.01,108,273240,买盘
863,14:09:37,25.29,--,5,12645,卖盘
864,14:09:34,25.29,--,17,42993,卖盘
865,14:09:28,25.29,--,21,53109,买盘
866,14:09:19,25.29,0.01,3,7587,买盘
867,14:09:16,25.28,--,0,0,卖盘
868,14:09:13,25.28,-0.01,3,7584,卖盘
869,14:09:10,25.29,--,1,2529,卖盘
870,14:09:07,25.29,--,1,2529,卖盘
871,14:09:04,25.29,0.01,8,20232,买盘
872,14:09:01,25.28,--,0,0,卖盘
873,14:08:58,25.28,-0.02,90,227520,卖盘
874,14:08:55,25.3,0.01,118,298540,买盘
875,14:08:52,25.29,--,5,12645,买盘
876,14:08:49,25.29,0.01,29,73341,买盘
877,14:08:46,25.28,-0.01,1,2528,卖盘
878,14:08:37,25.29,--,3,7587,买盘
879,14:08:28,25.29,0.02,6,15174,买盘
880,14:08:19,25.27,-0.02,26,65702,卖盘
881,14:08:10,25.29,-0.01,35,88515,卖盘
882,14:08:04,25.3,0.01,1,2530,买盘
883,14:08:01,25.29,--,5,12645,卖盘
884,14:07:58,25.29,0.01,70,177030,买盘
885,14:07:55,25.28,--,6,15168,卖盘
886,14:07:40,25.28,--,5,12640,卖盘
887,14:07:34,25.28,-0.02,26,65728,买盘
888,14:07:25,25.3,--,0,0,买盘
889,14:07:22,25.3,0.01,511,1292830,买盘
890,14:07:19,25.29,0.01,211,533619,买盘
891,14:07:16,25.28,--,12,30336,卖盘
892,14:07:13,25.28,--,4,10112,卖盘
893,14:07:07,25.28,--,47,118816,卖盘
894,14:07:04,25.28,-0.01,24,60672,卖盘
895,14:07:01,25.29,0.01,64,161856,买盘
896,14:06:58,25.28,--,2,5056,卖盘
897,14:06:55,25.28,--,11,27808,卖盘
898,14:06:52,25.28,--,7,17696,买盘
899,14:06:49,25.28,0.01,3,7584,买盘
900,14:06:46,25.27,-0.01,12,30324,卖盘
901,14:06:40,25.28,0.01,15,37920,买盘
902,14:06:37,25.27,-0.01,9,22743,卖盘
903,14:06:34,25.28,0.01,10,25280,买盘
904,14:06:31,25.27,--,3,7581,卖盘
905,14:06:28,25.27,--,9,22743,卖盘
906,14:06:22,25.27,-0.02,10,25270,卖盘
907,14:06:19,25.29,0.03,48,121392,买盘
908,14:06:16,25.26,-0.01,10,25260,卖盘
909,14:06:13,25.27,--,4,10108,卖盘
910,14:06:10,25.27,0.01,5,12635,中性盘
911,14:06:04,25.26,-0.01,14,35364,卖盘
912,14:06:01,25.27,--,70,176890,买盘
913,14:05:58,25.27,--,2,5054,买盘
914,14:05:55,25.27,0.01,72,181944,买盘
915,14:05:49,25.26,-0.01,3,7578,卖盘
916,14:05:46,25.27,--,15,37905,买盘
917,14:05:42,25.27,0.01,18,45486,买盘
918,14:05:40,25.26,--,26,65676,卖盘
919,14:05:37,25.26,-0.01,10,25260,卖盘
920,14:05:33,25.27,0.01,4,10108,买盘
921,14:05:30,25.26,-0.01,8,20208,卖盘
922,14:05:18,25.27,--,45,113715,卖盘
923,14:05:15,25.27,--,23,58121,卖盘
924,14:05:12,25.27,--,5,12635,卖盘
925,14:05:10,25.27,--,13,32851,买盘
926,14:05:06,25.27,-0.02,11,27797,中性盘
927,14:05:04,25.29,0.01,82,207378,买盘
928,14:05:00,25.28,0.01,64,161792,买盘
929,14:04:57,25.27,--,5,12635,卖盘
930,14:04:54,25.27,0.01,27,68229,买盘
931,14:04:50,25.26,-0.01,10,25260,卖盘
932,14:04:44,25.27,--,1,2527,买盘
933,14:04:41,25.27,--,20,50540,买盘
934,14:04:35,25.27,--,2,5054,买盘
935,14:04:32,25.27,--,43,108661,卖盘
936,14:04:29,25.27,-0.01,2,5054,卖盘
937,14:04:26,25.28,0.01,4,10112,买盘
938,14:04:23,25.27,--,5,12635,卖盘
939,14:04:20,25.27,--,8,20216,卖盘
940,14:04:17,25.27,--,33,83391,卖盘
941,14:04:11,25.27,--,38,96026,卖盘
942,14:04:08,25.27,--,0,0,卖盘
943,14:04:05,25.27,-0.02,212,535724,卖盘
944,14:04:02,25.29,--,80,202320,买盘
945,14:03:59,25.29,--,115,290835,买盘
946,14:03:56,25.29,--,72,182088,买盘
947,14:03:53,25.29,--,2,5058,买盘
948,14:03:50,25.29,--,1,2529,买盘
949,14:03:44,25.29,--,291,735939,卖盘
950,14:03:41,25.29,--,30,75870,卖盘
951,14:03:38,25.29,--,118,298422,卖盘
952,14:03:35,25.29,--,36,91044,卖盘
953,14:03:32,25.29,-0.01,20,50580,卖盘
954,14:03:29,25.3,0.01,6,15180,买盘
955,14:03:23,25.29,-0.01,7,17703,卖盘
956,14:03:20,25.3,--,15,37950,卖盘
957,14:03:11,25.3,-0.02,142,359260,卖盘
958,14:03:08,25.32,--,4,10128,买盘
959,14:03:05,25.32,0.01,50,126600,买盘
960,14:03:02,25.31,--,619,1566689,买盘
961,14:02:56,25.31,--,123,311313,买盘
962,14:02:53,25.31,--,197,498607,卖盘
963,14:02:50,25.31,--,5,12655,卖盘
964,14:02:47,25.31,-0.01,5,12655,卖盘
965,14:02:44,25.32,0.01,23,58236,买盘
966,14:02:41,25.31,--,47,118957,卖盘
967,14:02:38,25.31,--,5,12655,卖盘
968,14:02:35,25.31,-0.01,13,32903,卖盘
969,14:02:32,25.32,--,17,43044,买盘
970,14:02:29,25.32,--,42,106344,买盘
971,14:02:26,25.32,--,53,134196,买盘
972,14:02:20,25.32,--,13,32916,买盘
973,14:02:17,25.32,--,23,58236,买盘
974,14:02:14,25.32,--,43,108876,买盘
975,14:02:11,25.32,--,10,25320,买盘
976,14:02:08,25.32,0.01,255,645660,买盘
977,14:02:05,25.31,--,5,12655,卖盘
978,14:02:02,25.31,-0.01,18,45558,卖盘
979,14:01:59,25.32,0.02,10,25320,买盘
980,14:01:56,25.3,-0.01,30,75900,卖盘
981,14:01:53,25.31,--,33,83523,卖盘
982,14:01:50,25.31,0.01,66,167046,买盘
983,14:01:47,25.3,--,43,108790,卖盘
984,14:01:44,25.3,0.02,90,227700,买盘
985,14:01:41,25.28,-0.01,2,5056,买盘
986,14:01:38,25.29,0.01,355,897795,买盘
987,14:01:35,25.28,-0.02,30,75840,卖盘
988,14:01:32,25.3,0.02,350,885500,买盘
989,14:01:29,25.28,--,8,20224,卖盘
990,14:01:26,25.28,--,18,45504,卖盘
991,14:01:23,25.28,0.02,7,17696,买盘
992,14:01:20,25.26,--,20,50520,买盘
993,14:01:17,25.26,0.01,321,810846,买盘
994,14:01:14,25.25,-0.01,1,2525,卖盘
995,14:01:11,25.26,--,350,884100,买盘
996,14:01:08,25.26,-0.01,67,169242,卖盘
997,14:01:05,25.27,--,3,7581,买盘
998,14:01:02,25.27,--,10,25270,卖盘
999,14:00:59,25.27,0.01,25,63175,中性盘
1000,14:00:56,25.26,--,50,126300,卖盘
1001,14:00:53,25.26,-0.02,3,7578,买盘
1002,14:00:50,25.28,0.02,38,96064,买盘
1003,14:00:44,25.26,0.01,5,12630,卖盘
1004,14:00:41,25.25,-0.02,21,53025,卖盘
1005,14:00:38,25.27,0.03,21,53067,买盘
1006,14:00:35,25.24,-0.02,25,63099,卖盘
1007,14:00:32,25.26,--,23,58098,卖盘
1008,14:00:29,25.26,--,35,88410,卖盘
1009,14:00:26,25.26,0.01,19,47994,买盘
1010,14:00:20,25.25,--,7,17675,卖盘
1011,14:00:17,25.25,--,17,42925,卖盘
1012,14:00:14,25.25,-0.03,1,2525,卖盘
1013,14:00:11,25.28,0.03,54,136512,买盘
1014,14:00:08,25.25,--,0,0,卖盘
1015,14:00:05,25.25,-0.03,15,37875,卖盘
1016,14:00:02,25.28,0.03,1,2528,买盘
1017,13:59:59,25.25,-0.03,45,113625,卖盘
1018,13:59:56,25.28,0.01,118,298304,买盘
1019,13:59:53,25.27,-0.01,5,12635,卖盘
1020,13:59:50,25.28,-0.01,10,25280,卖盘
1021,13:59:38,25.29,0.01,5,12645,中性盘
1022,13:59:32,25.28,-0.05,164,414592,卖盘
1023,13:59:23,25.33,--,35,88655,卖盘
1024,13:59:20,25.33,--,72,182376,卖盘
1025,13:59:14,25.33,--,282,714306,卖盘
1026,13:59:11,25.33,-0.01,44,111451,卖盘
1027,13:59:02,25.34,--,179,453586,卖盘
1028,13:58:59,25.34,-0.01,6,15204,卖盘
1029,13:58:56,25.35,--,130,329550,买盘
1030,13:58:53,25.35,-0.01,187,474045,卖盘
1031,13:58:50,25.36,0.01,8,20288,买盘
1032,13:58:47,25.35,--,81,205335,卖盘
1033,13:58:44,25.35,--,222,562770,买盘
1034,13:58:41,25.35,0.01,30,76050,买盘
1035,13:58:38,25.34,-0.01,159,402906,卖盘
1036,13:58:35,25.35,-0.01,153,387855,卖盘
1037,13:58:32,25.36,--,78,197808,买盘
1038,13:58:29,25.36,--,7,17752,买盘
1039,13:58:26,25.36,0.01,25,63400,买盘
1040,13:58:23,25.35,--,11,27885,卖盘
1041,13:58:20,25.35,--,20,50700,卖盘
1042,13:58:17,25.35,--,9,22815,卖盘
1043,13:58:14,25.35,--,5,12675,卖盘
1044,13:58:11,25.35,-0.01,60,152100,卖盘
1045,13:58:08,25.36,0.01,35,88760,买盘
1046,13:58:05,25.35,-0.01,36,91260,卖盘
1047,13:58:02,25.36,--,19,48184,卖盘
1048,13:57:59,25.36,--,17,43112,卖盘
1049,13:57:56,25.36,0.01,162,410832,买盘
1050,13:57:53,25.35,--,30,76050,卖盘
1051,13:57:50,25.35,--,51,129285,卖盘
1052,13:57:47,25.35,-0.02,9,22815,卖盘
1053,13:57:44,25.37,0.02,1258,3191546,买盘
1054,13:57:41,25.35,-0.02,98,248430,卖盘
1055,13:57:35,25.37,0.01,161,408457,买盘
1056,13:57:32,25.36,-0.01,118,299248,卖盘
1057,13:57:29,25.37,--,8,20296,买盘
1058,13:57:26,25.37,-0.01,3,7611,中性盘
1059,13:57:23,25.38,--,10,25380,买盘
1060,13:57:20,25.38,--,198,502524,卖盘
1061,13:57:17,25.38,-0.01,94,238572,卖盘
1062,13:57:14,25.39,--,149,378311,买盘
1063,13:57:11,25.39,--,122,309758,买盘
1064,13:57:08,25.39,--,44,111716,买盘
1065,13:57:05,25.39,--,7,17773,买盘
1066,13:57:02,25.39,--,127,322453,买盘
1067,13:56:59,25.39,--,129,327531,买盘
1068,13:56:56,25.39,-0.01,80,203120,中性盘
1069,13:56:53,25.4,--,89,226060,买盘
1070,13:56:50,25.4,0.01,700,1778000,买盘
1071,13:56:47,25.39,--,78,198042,买盘
1072,13:56:44,25.39,-0.01,18,45702,卖盘
1073,13:56:41,25.4,0.01,113,287020,买盘
1074,13:56:38,25.39,-0.01,156,396084,卖盘
1075,13:56:35,25.4,--,227,576580,卖盘
1076,13:56:32,25.4,-0.02,33,83820,卖盘
1077,13:56:29,25.42,0.02,5,12710,买盘
1078,13:56:26,25.4,0.01,169,429260,买盘
1079,13:56:23,25.39,--,29,73631,买盘
1080,13:56:20,25.39,-0.03,283,718537,卖盘
1081,13:56:17,25.42,0.02,83,210986,买盘
1082,13:56:14,25.4,0.05,176,447040,买盘
1083,13:56:11,25.35,-0.05,157,397995,卖盘
1084,13:56:08,25.4,0.02,26,66040,买盘
1085,13:56:05,25.38,-0.01,807,2048166,中性盘
1086,13:56:02,25.39,0.03,142,360538,买盘
1087,13:55:59,25.36,0.01,326,826736,中性盘
1088,13:55:56,25.35,-0.03,81,205335,卖盘
1089,13:55:53,25.38,0.04,1086,2756268,买盘
1090,13:55:50,25.34,--,204,516936,买盘
1091,13:55:47,25.34,--,62,157108,买盘
1092,13:55:44,25.34,0.01,81,205254,买盘
1093,13:55:41,25.33,--,151,382483,卖盘
1094,13:55:38,25.33,-0.02,130,329290,卖盘
1095,13:55:35,25.35,0.02,80,202800,买盘
1096,13:55:32,25.33,0.04,262,663646,买盘
1097,13:55:29,25.29,-0.01,145,366705,卖盘
1098,13:55:26,25.3,-0.01,773,1955690,卖盘
1099,13:55:23,25.31,0.02,432,1093392,买盘
1100,13:55:20,25.29,-0.01,12,30348,买盘
1101,13:55:17,25.3,--,69,174570,买盘
1102,13:55:14,25.3,--,169,427570,买盘
1103,13:55:11,25.3,0.02,1216,3076480,买盘
1104,13:55:08,25.28,--,20,50560,买盘
1105,13:55:05,25.28,--,1,2528,买盘
1106,13:55:02,25.28,--,17,42976,卖盘
1107,13:54:59,25.28,--,75,189600,卖盘
1108,13:54:56,25.28,--,21,53088,卖盘
1109,13:54:53,25.28,0.03,128,323584,买盘
1110,13:54:50,25.25,-0.01,4,10100,卖盘
1111,13:54:47,25.26,--,0,0,卖盘
1112,13:54:41,25.26,0.01,3,7578,中性盘
1113,13:54:38,25.25,-0.03,123,310575,卖盘
1114,13:54:35,25.28,0.02,15,37920,买盘
1115,13:54:32,25.26,0.02,1,2526,买盘
1116,13:54:29,25.24,0.01,1,2524,中性盘
1117,13:54:26,25.23,-0.05,16,40368,卖盘
1118,13:54:22,25.28,--,42,106176,卖盘
1119,13:54:20,25.28,0.05,201,508128,买盘
1120,13:54:17,25.23,--,15,37845,卖盘
1121,13:54:14,25.23,--,43,108489,卖盘
1122,13:54:08,25.23,-0.01,26,65598,卖盘
1123,13:54:02,25.24,--,24,60575,买盘
1124,13:53:59,25.24,--,2,5048,买盘
1125,13:53:56,25.24,-0.01,87,219588,卖盘
1126,13:53:53,25.25,--,5,12625,买盘
1127,13:53:50,25.25,-0.01,85,214625,卖盘
1128,13:53:47,25.26,0.01,51,128826,买盘
1129,13:53:44,25.25,--,25,63125,卖盘
1130,13:53:40,25.25,--,6,15150,卖盘
1131,13:53:35,25.25,-0.03,60,151500,卖盘
1132,13:53:32,25.28,0.02,1017,2570976,买盘
1133,13:53:28,25.26,--,35,88410,卖盘
1134,13:53:26,25.26,--,7,17682,卖盘
1135,13:53:23,25.26,-0.01,11,27786,卖盘
1136,13:53:20,25.27,0.02,137,346199,买盘
1137,13:53:17,25.25,--,58,146450,卖盘
1138,13:53:14,25.25,--,73,184325,卖盘
1139,13:53:11,25.25,--,3,7575,卖盘
1140,13:53:08,25.25,-0.01,17,42925,卖盘
1141,13:53:05,25.26,0.01,3,7578,买盘
1142,13:53:02,25.25,--,47,118675,卖盘
1143,13:52:59,25.25,-0.01,36,90900,卖盘
1144,13:52:55,25.26,0.01,423,1068498,买盘
1145,13:52:52,25.25,--,9,22725,卖盘
1146,13:52:50,25.25,--,11,27775,卖盘
1147,13:52:47,25.25,-0.01,6,15150,卖盘
1148,13:52:41,25.26,0.01,11,27786,买盘
1149,13:52:38,25.25,-0.01,15,37875,卖盘
1150,13:52:32,25.26,--,3,7578,买盘
1151,13:52:28,25.26,--,34,85884,卖盘
1152,13:52:26,25.26,--,2,5052,卖盘
1153,13:52:22,25.26,--,7,17682,卖盘
1154,13:52:19,25.26,-0.01,54,136404,卖盘
1155,13:52:16,25.27,0.01,2,5054,买盘
1156,13:52:10,25.26,-0.01,7,17682,卖盘
1157,13:52:07,25.27,-0.01,23,58121,卖盘
1158,13:52:04,25.28,0.01,3,7584,买盘
1159,13:52:01,25.27,-0.01,6,15162,卖盘
1160,13:51:55,25.28,--,129,326112,买盘
1161,13:51:49,25.28,-0.01,5,12640,中性盘
1162,13:51:46,25.29,0.01,165,417285,买盘
1163,13:51:43,25.28,-0.01,100,252800,卖盘
1164,13:51:40,25.29,0.01,145,366705,买盘
1165,13:51:37,25.28,--,64,161792,卖盘
1166,13:51:34,25.28,--,24,60672,卖盘
1167,13:51:28,25.28,--,30,75840,卖盘
1168,13:51:25,25.28,--,31,78368,中性盘
1169,13:51:22,25.28,-0.01,60,151680,卖盘
1170,13:51:19,25.29,--,3,7587,买盘
1171,13:51:16,25.29,-0.01,111,280719,买盘
1172,13:51:13,25.3,0.02,119,301070,买盘
1173,13:51:10,25.28,-0.01,101,255328,卖盘
1174,13:51:07,25.29,--,153,386937,买盘
1175,13:51:04,25.29,0.01,30,75870,买盘
1176,13:51:01,25.28,--,25,63200,买盘
1177,13:50:58,25.28,-0.01,5,12640,中性盘
1178,13:50:55,25.29,0.01,33,83457,买盘
1179,13:50:52,25.28,0.01,76,192128,中性盘
1180,13:50:49,25.27,-0.02,42,106134,买盘
1181,13:50:46,25.29,--,107,270603,买盘
1182,13:50:43,25.29,0.03,138,349002,买盘
1183,13:50:40,25.26,-0.03,215,543090,卖盘
1184,13:50:37,25.29,0.02,143,361647,买盘
1185,13:50:34,25.27,--,57,144039,买盘
1186,13:50:31,25.27,-0.01,20,50540,中性盘
1187,13:50:28,25.28,0.02,110,278080,买盘
1188,13:50:25,25.26,-0.01,28,70728,卖盘
1189,13:50:22,25.27,0.01,29,73283,中性盘
1190,13:50:19,25.26,--,8,20208,卖盘
1191,13:50:16,25.26,-0.01,117,295542,卖盘
1192,13:50:13,25.27,-0.01,59,149093,卖盘
1193,13:50:04,25.28,--,10,25280,卖盘
1194,13:50:01,25.28,--,17,42976,卖盘
1195,13:49:58,25.28,-0.01,30,75840,卖盘
1196,13:49:55,25.29,0.01,84,212436,买盘
1197,13:49:52,25.28,--,40,101120,买盘
1198,13:49:48,25.28,-0.01,16,40448,中性盘
1199,13:49:46,25.29,0.01,129,326241,买盘
1200,13:49:43,25.28,-0.01,6,15168,买盘
1201,13:49:40,25.29,--,28,70812,卖盘
1202,13:49:37,25.29,0.01,53,134037,中性盘
1203,13:49:34,25.28,--,293,740704,卖盘
1204,13:49:31,25.28,-0.01,82,207296,卖盘
1205,13:49:28,25.29,--,15,37935,买盘
1206,13:49:25,25.29,--,155,391995,买盘
1207,13:49:22,25.29,--,5,12645,买盘
1208,13:49:19,25.29,--,41,103689,买盘
1209,13:49:16,25.29,--,6,15174,买盘
1210,13:49:13,25.29,-0.01,76,192204,卖盘
1211,13:49:10,25.3,0.01,63,159390,买盘
1212,13:49:07,25.29,--,173,437517,卖盘
1213,13:49:04,25.29,--,194,490626,卖盘
1214,13:49:01,25.29,-0.01,29,73341,买盘
1215,13:48:58,25.3,0.02,184,465520,买盘
1216,13:48:55,25.28,0.02,169,427232,卖盘
1217,13:48:52,25.26,-0.02,313,790638,卖盘
1218,13:48:48,25.28,-0.01,142,358976,卖盘
1219,13:48:46,25.29,0.02,42,106218,买盘
1220,13:48:43,25.27,--,135,341145,卖盘
1221,13:48:40,25.27,--,391,988057,买盘
1222,13:48:37,25.27,0.01,160,404320,买盘
1223,13:48:34,25.26,--,10,25260,卖盘
1224,13:48:31,25.26,-0.01,89,224814,卖盘
1225,13:48:28,25.27,--,15,37905,买盘
1226,13:48:25,25.27,0.01,8,20216,买盘
1227,13:48:22,25.26,-0.01,329,831054,卖盘
1228,13:48:19,25.27,-0.01,75,189525,卖盘
1229,13:48:16,25.28,0.02,111,280608,买盘
1230,13:48:13,25.26,--,332,838632,卖盘
1231,13:48:10,25.26,-0.01,164,414264,卖盘
1232,13:48:07,25.27,0.01,440,1111880,买盘
1233,13:48:04,25.26,--,66,166716,买盘
1234,13:48:01,25.26,--,289,730014,卖盘
1235,13:47:58,25.26,--,60,151560,卖盘
1236,13:47:54,25.26,--,259,654234,卖盘
1237,13:47:52,25.26,-0.01,35,88410,买盘
1238,13:47:49,25.27,--,161,406847,买盘
1239,13:47:46,25.27,0.02,115,290605,买盘
1240,13:47:42,25.25,--,84,212100,卖盘
1241,13:47:39,25.25,--,94,237350,买盘
1242,13:47:37,25.25,--,65,164125,买盘
1243,13:47:34,25.25,0.01,82,207050,买盘
1244,13:47:31,25.24,-0.01,91,229684,卖盘
1245,13:47:28,25.25,--,54,136350,买盘
1246,13:47:25,25.25,--,151,381275,买盘
1247,13:47:22,25.25,--,67,169175,买盘
1248,13:47:19,25.25,-0.02,207,522675,卖盘
1249,13:47:16,25.27,--,15,37905,买盘
1250,13:47:13,25.27,0.02,23,58121,中性盘
1251,13:47:10,25.25,-0.02,180,454500,卖盘
1252,13:47:07,25.27,-0.01,70,176890,卖盘
1253,13:47:04,25.28,0.01,144,364032,买盘
1254,13:47:00,25.27,0.05,72,181944,买盘
1255,13:46:58,25.22,-0.01,108,272376,中性盘
1256,13:46:55,25.23,--,222,560106,买盘
1257,13:46:52,25.23,-0.05,245,618135,卖盘
1258,13:46:49,25.28,--,223,563744,买盘
1259,13:46:46,25.28,0.02,143,361504,买盘
1260,13:46:42,25.26,-0.02,181,457206,中性盘
1261,13:46:40,25.28,0.03,162,409536,买盘
1262,13:46:36,25.25,--,204,515100,卖盘
1263,13:46:34,25.25,-0.03,345,871125,卖盘
1264,13:46:31,25.28,--,123,310944,买盘
1265,13:46:28,25.28,-0.01,189,477792,卖盘
1266,13:46:25,25.29,0.01,41,103689,买盘
1267,13:46:22,25.28,0.03,126,318528,卖盘
1268,13:46:19,25.25,-0.04,293,739825,卖盘
1269,13:46:16,25.29,-0.01,23,58167,中性盘
1270,13:46:12,25.3,0.02,230,581900,买盘
1271,13:46:10,25.28,0.01,426,1076928,买盘
1272,13:46:07,25.27,0.02,129,325983,买盘
1273,13:46:04,25.25,0.02,611,1542775,买盘
1274,13:46:01,25.23,0.03,257,648411,买盘
1275,13:45:58,25.2,--,198,498960,卖盘
1276,13:45:55,25.2,--,261,657720,买盘
1277,13:45:52,25.2,--,269,677880,买盘
1278,13:45:49,25.2,0.01,513,1292760,买盘
1279,13:45:46,25.19,-0.01,218,549142,卖盘
1280,13:45:42,25.2,0.01,695,1751400,买盘
1281,13:45:40,25.19,--,184,463496,买盘
1282,13:45:36,25.19,0.01,327,823713,买盘
1283,13:45:34,25.18,--,264,664752,买盘
1284,13:45:31,25.18,--,183,460794,买盘
1285,13:45:28,25.18,0.03,280,705040,买盘
1286,13:45:24,25.15,--,185,465275,卖盘
1287,13:45:21,25.15,--,310,779650,买盘
1288,13:45:18,25.15,0.07,411,1035148,买盘
1289,13:45:15,25.08,-0.02,106,265848,中性盘
1290,13:45:12,25.1,--,737,1849870,买盘
1291,13:45:09,25.1,--,353,886030,买盘
1292,13:45:06,25.1,0.03,646,1621460,买盘
1293,13:45:03,25.07,-0.03,63,157941,中性盘
1294,13:45:00,25.1,0.05,991,2487410,买盘
1295,13:44:57,25.05,0.02,6,15030,卖盘
1296,13:44:54,25.03,--,211,528133,卖盘
1297,13:44:51,25.03,0.02,57,142671,卖盘
1298,13:44:48,25.01,0.01,247,617747,卖盘
1299,13:44:45,25.0,-0.03,100,250000,卖盘
1300,13:44:42,25.03,-0.02,309,775804,中性盘
1301,13:44:39,25.05,--,109,273045,买盘
1302,13:44:36,25.05,--,667,1670835,买盘
1303,13:44:33,25.05,--,221,553605,买盘
1304,13:44:30,25.05,0.05,648,1623240,买盘
1305,13:44:27,25.0,-0.01,100,250000,卖盘
1306,13:44:24,25.01,-0.01,57,142557,中性盘
1307,13:44:20,25.02,0.02,134,335268,买盘
1308,13:44:17,25.0,--,100,250000,卖盘
1309,13:44:14,25.0,-0.03,58,145000,卖盘
1310,13:44:11,25.03,--,16,40048,买盘
1311,13:44:08,25.03,0.03,105,262815,买盘
1312,13:44:05,25.0,--,55,137500,买盘
1313,13:44:02,25.0,0.01,12,30000,买盘
1314,13:43:59,24.99,-0.01,82,204918,卖盘
1315,13:43:56,25.0,--,74,185000,买盘
1316,13:43:50,25.0,--,33,82500,买盘
1317,13:43:47,25.0,--,25,62500,买盘
1318,13:43:38,25.0,--,21,52500,买盘
1319,13:43:35,25.0,--,35,87500,买盘
1320,13:43:32,25.0,--,102,255000,买盘
1321,13:43:29,25.0,--,20,50000,买盘
1322,13:43:26,25.0,--,5,12500,买盘
1323,13:43:23,25.0,--,141,352500,买盘
1324,13:43:20,25.0,--,26,65000,买盘
1325,13:43:14,25.0,0.01,15,37500,买盘
1326,13:43:08,24.99,-0.01,12,29987,卖盘
1327,13:43:05,25.0,0.01,21,52500,买盘
1328,13:42:53,24.99,--,15,37485,卖盘
1329,13:42:47,24.99,--,20,49980,卖盘
1330,13:42:41,24.99,--,23,57477,卖盘
1331,13:42:29,24.99,--,38,94962,卖盘
1332,13:42:26,24.99,--,3,7496,卖盘
1333,13:42:23,24.99,-0.01,8,19992,卖盘
1334,13:42:20,25.0,--,3,7500,买盘
1335,13:42:17,25.0,--,3,7500,买盘
1336,13:42:11,25.0,0.01,2,5000,买盘
1337,13:42:08,24.99,-0.01,3,7496,卖盘
1338,13:42:05,25.0,--,11,27500,买盘
1339,13:42:02,25.0,--,0,0,买盘
1340,13:41:59,25.0,--,6,15000,买盘
1341,13:41:56,25.0,0.01,10,25000,买盘
1342,13:41:53,24.99,-0.01,37,92463,卖盘
1343,13:41:47,25.0,0.01,7,17500,买盘
1344,13:41:41,24.99,-0.01,16,39984,卖盘
1345,13:41:35,25.0,0.01,5,12500,买盘
1346,13:41:32,24.99,-0.01,10,24990,卖盘
1347,13:41:29,25.0,0.01,13,32500,买盘
1348,13:41:20,24.99,--,47,117452,卖盘
1349,13:41:11,24.99,-0.01,3,7496,卖盘
1350,13:41:08,25.0,--,1,2500,买盘
1351,13:41:05,25.0,0.01,7,17500,买盘
1352,13:40:59,24.99,-0.01,1,2499,卖盘
1353,13:40:56,25.0,0.01,33,82500,买盘
1354,13:40:50,24.99,-0.01,20,49980,卖盘
1355,13:40:47,25.0,--,8,20000,买盘
1356,13:40:44,25.0,--,119,297500,买盘
1357,13:40:41,25.0,--,29,72500,买盘
1358,13:40:38,25.0,--,19,47500,买盘
1359,13:40:35,25.0,--,21,52500,买盘
1360,13:40:32,25.0,0.01,96,240000,买盘
1361,13:40:29,24.99,-0.01,2,4998,卖盘
1362,13:40:26,25.0,0.01,78,195000,买盘
1363,13:40:23,24.99,-0.01,1,2499,卖盘
1364,13:40:17,25.0,0.01,14,35000,买盘
1365,13:40:11,24.99,-0.01,3,7496,卖盘
1366,13:40:08,25.0,0.01,23,57500,买盘
1367,13:40:05,24.99,-0.01,2,4998,卖盘
1368,13:40:02,25.0,--,1,2500,买盘
1369,13:39:56,25.0,--,1,2500,买盘
1370,13:39:50,25.0,--,11,27500,买盘
1371,13:39:44,25.0,--,24,60000,买盘
1372,13:39:38,25.0,--,107,267500,买盘
1373,13:39:29,25.0,0.01,19,47500,买盘
1374,13:39:23,24.99,-0.01,1,2499,卖盘
1375,13:39:20,25.0,--,24,60000,买盘
1376,13:39:17,25.0,0.01,7,17500,买盘
1377,13:39:14,24.99,-0.01,102,254897,卖盘
1378,13:39:08,25.0,--,1,2500,买盘
1379,13:39:05,25.0,--,22,55000,买盘
1380,13:38:56,25.0,--,9,22500,买盘
1381,13:38:47,25.0,--,20,50000,买盘
1382,13:38:44,25.0,--,6,15000,买盘
1383,13:38:41,25.0,--,10,25000,买盘
1384,13:38:38,25.0,--,9,22500,买盘
1385,13:38:32,25.0,0.01,48,120000,买盘
1386,13:38:26,24.99,0.01,38,94962,买盘
1387,13:38:23,24.98,-0.01,1,2498,卖盘
1388,13:38:20,24.99,0.01,3,7496,买盘
1389,13:38:11,24.98,-0.01,3,7494,卖盘
1390,13:38:08,24.99,-0.01,1,2499,买盘
1391,13:38:05,25.0,0.01,1,2500,买盘
1392,13:38:02,24.99,--,4,9996,卖盘
1393,13:37:59,24.99,--,8,19992,卖盘
1394,13:37:53,24.99,--,28,69972,买盘
1395,13:37:47,24.99,0.01,6,14993,买盘
1396,13:37:41,24.98,-0.01,3,7494,卖盘
1397,13:37:38,24.99,--,6,14993,买盘
1398,13:37:32,24.99,--,3,7496,买盘
1399,13:37:20,24.99,0.01,3,7496,买盘
1400,13:37:14,24.98,-0.01,1,2498,卖盘
1401,13:37:11,24.99,--,10,24990,买盘
1402,13:37:08,24.99,--,1,2499,买盘
1403,13:37:05,24.99,-0.01,12,29987,卖盘
1404,13:37:02,25.0,--,30,75000,买盘
1405,13:36:59,25.0,--,2,5000,买盘
1406,13:36:56,25.0,--,1,2500,买盘
1407,13:36:41,25.0,--,5,12500,买盘
1408,13:36:38,25.0,--,17,42500,买盘
1409,13:36:35,25.0,-0.03,51,127500,卖盘
1410,13:36:29,25.03,0.01,17,42551,买盘
1411,13:36:26,25.02,0.01,14,35028,中性盘
1412,13:36:23,25.01,--,13,32513,卖盘
1413,13:36:20,25.01,-0.02,7,17507,中性盘
1414,13:36:17,25.03,0.04,110,275330,买盘
1415,13:36:14,24.99,-0.01,27,67473,卖盘
1416,13:36:11,25.0,--,43,107500,卖盘
1417,13:36:08,25.0,--,45,112500,卖盘
1418,13:36:05,25.0,-0.03,43,107500,卖盘
1419,13:36:02,25.03,--,15,37545,买盘
1420,13:35:59,25.03,0.02,15,37545,买盘
1421,13:35:56,25.01,--,22,55022,卖盘
1422,13:35:53,25.01,-0.02,40,100040,卖盘
1423,13:35:50,25.03,-0.01,9,22527,买盘
1424,13:35:47,25.04,--,124,310496,买盘
1425,13:35:44,25.04,0.01,50,125200,买盘
1426,13:35:41,25.03,0.03,137,342911,买盘
1427,13:35:38,25.0,--,21,52500,买盘
1428,13:35:35,25.0,--,76,190000,卖盘
1429,13:35:32,25.0,--,102,255000,卖盘
1430,13:35:29,25.0,-0.01,113,282500,卖盘
1431,13:35:26,25.01,--,0,0,买盘
1432,13:35:23,25.01,-0.02,18,45018,中性盘
1433,13:35:20,25.03,0.03,46,115138,买盘
1434,13:35:17,25.0,-0.01,226,565000,卖盘
1435,13:35:14,25.01,--,34,85034,卖盘
1436,13:35:11,25.01,0.01,1,2501,中性盘
1437,13:35:08,25.0,--,100,250000,卖盘
1438,13:35:05,25.0,--,111,277500,卖盘
1439,13:35:02,25.0,--,0,0,卖盘
1440,13:34:59,25.0,-0.02,27,67500,卖盘
1441,13:34:56,25.02,0.02,20,50040,买盘
1442,13:34:53,25.0,--,6,15000,卖盘
1443,13:34:50,25.0,-0.02,12,30000,卖盘
1444,13:34:47,25.02,0.01,100,250200,买盘
1445,13:34:44,25.01,0.01,10,25010,买盘
1446,13:34:41,25.0,--,7,17500,中性盘
1447,13:34:38,25.0,--,20,50000,买盘
1448,13:34:35,25.0,--,11,27500,卖盘
1449,13:34:32,25.0,-0.01,27,67500,卖盘
1450,13:34:23,25.01,--,0,0,买盘
1451,13:34:20,25.01,--,0,0,买盘
1452,13:34:17,25.01,--,0,0,买盘
1453,13:34:11,25.01,0.01,11,27511,买盘
1454,13:34:08,25.0,--,20,50000,买盘
1455,13:34:02,25.0,--,18,45000,买盘
1456,13:33:59,25.0,--,119,297500,买盘
1457,13:33:53,25.0,0.01,79,197500,买盘
1458,13:33:50,24.99,-0.01,19,47481,卖盘
1459,13:33:47,25.0,0.01,14,35000,买盘
1460,13:33:38,24.99,-0.01,1,2499,卖盘
1461,13:33:25,25.0,--,13,32500,买盘
1462,13:33:23,25.0,0.01,10,25000,买盘
1463,13:33:20,24.99,--,33,84191,卖盘
1464,13:33:11,24.99,-0.01,3,7496,卖盘
1465,13:33:08,25.0,0.01,1,2500,买盘
1466,13:32:59,24.99,-0.01,1,2499,卖盘
1467,13:32:56,25.0,0.01,8,20000,买盘
1468,13:32:53,24.99,--,1,2499,卖盘
1469,13:32:47,24.99,-0.01,13,32486,卖盘
1470,13:32:44,25.0,--,10,25000,买盘
1471,13:32:41,25.0,0.01,5,12500,买盘
1472,13:32:38,24.99,--,1,2499,卖盘
1473,13:32:34,24.99,-0.01,2,4998,卖盘
1474,13:32:32,25.0,--,13,32500,买盘
1475,13:32:26,25.0,--,50,125000,买盘
1476,13:32:23,25.0,--,14,35000,买盘
1477,13:32:17,25.0,--,3,7500,买盘
1478,13:32:14,25.0,--,68,170000,买盘
1479,13:32:11,25.0,--,27,67500,买盘
1480,13:32:07,25.0,0.01,18,45000,买盘
1481,13:32:04,24.99,-0.01,152,379848,卖盘
1482,13:31:59,25.0,--,65,162500,买盘
1483,13:31:44,25.0,0.01,8,20000,买盘
1484,13:31:41,24.99,-0.01,3,7496,卖盘
1485,13:31:35,25.0,0.01,20,50000,买盘
1486,13:31:31,24.99,--,7,17493,买盘
1487,13:31:28,24.99,-0.01,3,7496,卖盘
1488,13:31:22,25.0,0.01,6,15000,买盘
1489,13:31:16,24.99,--,17,42483,卖盘
1490,13:31:10,24.99,-0.01,8,19992,卖盘
1491,13:31:07,25.0,--,7,17500,买盘
1492,13:31:04,25.0,--,10,25000,买盘
1493,13:30:58,25.0,--,26,65000,买盘
1494,13:30:55,25.0,--,3,7500,买盘
1495,13:30:52,25.0,--,14,35000,买盘
1496,13:30:49,25.0,0.01,110,275000,买盘
1497,13:30:46,24.99,-0.01,6,14993,卖盘
1498,13:30:43,25.0,0.01,59,147500,买盘
1499,13:30:40,24.99,--,13,32486,买盘
1500,13:30:37,24.99,--,28,69972,买盘
1501,13:30:34,24.99,--,6,14993,买盘
1502,13:30:31,24.99,--,4,9996,买盘
1503,13:30:28,24.99,--,103,257396,买盘
1504,13:30:25,24.99,--,32,79968,买盘
1505,13:30:22,24.99,--,21,52479,买盘
1506,13:30:19,24.99,--,3,7496,买盘
1507,13:30:16,24.99,0.01,147,367353,买盘
1508,13:30:13,24.98,--,82,204836,卖盘
1509,13:30:10,24.98,--,3,7494,卖盘
1510,13:30:07,24.98,--,15,37470,卖盘
1511,13:29:58,24.98,--,2,4996,卖盘
1512,13:29:52,24.98,-0.01,1,2498,卖盘
1513,13:29:46,24.99,0.01,10,24990,买盘
1514,13:29:40,24.98,-0.01,3,7494,卖盘
1515,13:29:37,24.99,--,48,119951,买盘
1516,13:29:30,24.99,--,39,97461,买盘
1517,13:29:28,24.99,--,27,67473,买盘
1518,13:29:22,24.99,0.01,176,439824,买盘
1519,13:29:18,24.98,-0.01,1,2498,卖盘
1520,13:29:15,24.99,--,149,372351,买盘
1521,13:29:12,24.99,0.01,6,14993,买盘
1522,13:29:10,24.98,-0.01,3,7494,卖盘
1523,13:29:07,24.99,--,29,72471,买盘
1524,13:29:03,24.99,--,30,74970,买盘
1525,13:29:01,24.99,0.01,107,267393,买盘
1526,13:28:57,24.98,-0.01,1,2498,卖盘
1527,13:28:54,24.99,--,110,274890,卖盘
1528,13:28:51,24.99,-0.01,10,24990,卖盘
1529,13:28:48,25.0,0.01,13,32500,买盘
1530,13:28:46,24.99,--,1,2499,卖盘
1531,13:28:40,24.99,-0.01,51,127448,卖盘
1532,13:28:28,25.0,--,28,70000,买盘
1533,13:28:21,25.0,0.01,121,302500,买盘
1534,13:28:19,24.99,--,5,12495,卖盘
1535,13:28:16,24.99,--,39,97461,买盘
1536,13:28:09,24.99,--,5,12495,买盘
1537,13:28:01,24.99,-0.01,19,47481,卖盘
1538,13:27:54,25.0,--,0,0,买盘
1539,13:27:51,25.0,--,71,177500,买盘
1540,13:27:48,25.0,--,5,12500,买盘
1541,13:27:43,25.0,--,11,27500,买盘
1542,13:27:33,25.0,--,11,27500,买盘
1543,13:27:31,25.0,--,11,27500,买盘
1544,13:27:28,25.0,--,38,95000,买盘
1545,13:27:25,25.0,--,3,7500,买盘
1546,13:27:22,25.0,0.01,38,95000,买盘
1547,13:27:18,24.99,-0.01,39,97461,卖盘
1548,13:27:16,25.0,--,168,420000,买盘
1549,13:27:12,25.0,--,11,27500,买盘
1550,13:27:10,25.0,0.01,105,262500,买盘
1551,13:27:06,24.99,-0.01,5,12495,卖盘
1552,13:27:04,25.0,--,12,30000,买盘
1553,13:26:57,25.0,0.01,10,25000,买盘
1554,13:26:55,24.99,--,3,7496,卖盘
1555,13:26:52,24.99,-0.01,1,2499,卖盘
1556,13:26:49,25.0,--,21,52500,买盘
1557,13:26:42,25.0,--,32,80000,买盘
1558,13:26:40,25.0,--,30,75000,买盘
1559,13:26:37,25.0,--,4,10000,买盘
1560,13:26:33,25.0,0.01,27,67500,买盘
1561,13:26:31,24.99,-0.01,110,274890,卖盘
1562,13:26:27,25.0,--,11,27500,买盘
1563,13:26:25,25.0,0.01,10,25000,买盘
1564,13:26:21,24.99,--,56,142043,卖盘
1565,13:26:15,24.99,--,69,172431,买盘
1566,13:26:10,24.99,0.01,107,267393,买盘
1567,13:26:07,24.98,--,47,117406,卖盘
1568,13:26:04,24.98,--,160,399680,买盘
1569,13:25:57,24.98,--,0,0,买盘
1570,13:25:55,24.98,--,13,32474,买盘
1571,13:25:52,24.98,0.01,8,19984,买盘
1572,13:25:48,24.97,--,1,2497,卖盘
1573,13:25:45,24.97,--,8,19976,买盘
1574,13:25:43,24.97,--,29,72413,卖盘
1575,13:25:37,24.97,0.01,24,59928,卖盘
1576,13:25:31,24.96,-0.02,80,199680,卖盘
1577,13:25:27,24.98,0.01,14,34972,买盘
1578,13:25:25,24.97,0.01,2,4994,买盘
1579,13:25:16,24.96,--,55,137280,买盘
1580,13:25:10,24.96,0.01,11,27456,买盘
1581,13:25:07,24.95,-0.01,4,9980,卖盘
1582,13:25:03,24.96,--,40,99840,买盘
1583,13:24:58,24.96,--,0,0,买盘
1584,13:24:55,24.96,--,13,32448,买盘
1585,13:24:51,24.96,0.01,114,284544,买盘
1586,13:24:48,24.95,--,12,29940,买盘
1587,13:24:46,24.95,--,66,164670,买盘
1588,13:24:40,24.95,0.01,23,57385,买盘
1589,13:24:37,24.94,-0.02,10,24940,卖盘
1590,13:24:34,24.96,--,5,12480,买盘
1591,13:24:30,24.96,--,55,137280,买盘
1592,13:24:27,24.96,--,3,7488,买盘
1593,13:24:24,24.96,--,0,0,买盘
1594,13:24:22,24.96,-0.01,110,274560,买盘
1595,13:24:18,24.97,--,8,19976,卖盘
1596,13:24:15,24.97,--,140,349580,买盘
1597,13:24:13,24.97,--,0,0,买盘
1598,13:24:09,24.97,0.03,1,2497,买盘
1599,13:24:06,24.94,-0.03,3,7482,卖盘
1600,13:24:03,24.97,0.01,32,79904,买盘
1601,13:24:00,24.96,0.01,19,47424,买盘
1602,13:23:57,24.95,-0.01,113,281935,中性盘
1603,13:23:54,24.96,--,27,67392,买盘
1604,13:23:51,24.96,0.01,88,219648,买盘
1605,13:23:48,24.95,--,12,29940,买盘
1606,13:23:45,24.95,--,4,9980,买盘
1607,13:23:42,24.95,0.01,26,64870,买盘
1608,13:23:36,24.94,-0.01,3,7482,卖盘
1609,13:23:21,24.95,--,35,87325,买盘
1610,13:23:15,24.95,--,159,396705,买盘
1611,13:23:12,24.95,--,23,57385,卖盘
1612,13:23:06,24.95,-0.01,3,7485,卖盘
1613,13:23:03,24.96,0.01,22,54912,买盘
1614,13:22:54,24.95,-0.01,1,2495,卖盘
1615,13:22:51,24.96,--,30,74880,买盘
1616,13:22:48,24.96,0.01,11,27456,买盘
1617,13:22:42,24.95,-0.01,5,12475,卖盘
1618,13:22:38,24.96,0.02,184,459264,买盘
1619,13:22:35,24.94,-0.01,13,32422,卖盘
1620,13:22:32,24.95,0.01,142,354290,买盘
1621,13:22:29,24.94,-0.01,112,279328,卖盘
1622,13:22:23,24.95,--,41,102295,买盘
1623,13:22:20,24.95,--,5,12475,买盘
1624,13:22:17,24.95,--,143,356785,买盘
1625,13:22:11,24.95,0.01,19,47405,买盘
1626,13:22:08,24.94,--,0,0,卖盘
1627,13:22:05,24.94,-0.02,26,64844,卖盘
1628,13:22:02,24.96,0.01,29,72384,买盘
1629,13:21:59,24.95,--,4,9980,买盘
1630,13:21:56,24.95,-0.01,10,24950,买盘
1631,13:21:53,24.96,0.02,103,257088,买盘
1632,13:21:50,24.94,-0.01,7,17458,卖盘
1633,13:21:47,24.95,--,30,74850,买盘
1634,13:21:44,24.95,--,90,224550,卖盘
1635,13:21:41,24.95,--,2,4990,卖盘
1636,13:21:38,24.95,--,5,12475,卖盘
1637,13:21:32,24.95,--,2,4990,卖盘
1638,13:21:26,24.95,--,22,54890,卖盘
1639,13:21:17,24.95,0.01,54,134730,买盘
1640,13:21:08,24.94,--,6,14964,卖盘
1641,13:21:05,24.94,-0.01,2,4988,卖盘
1642,13:20:59,24.95,--,5,12475,买盘
1643,13:20:50,24.95,--,6,14970,买盘
1644,13:20:47,24.95,0.01,4,9980,买盘
1645,13:20:44,24.94,-0.01,1,2494,卖盘
1646,13:20:41,24.95,0.01,5,12475,买盘
1647,13:20:38,24.94,--,3,7482,卖盘
1648,13:20:35,24.94,--,6,14964,买盘
1649,13:20:29,24.94,--,2,4988,买盘
1650,13:20:23,24.94,-0.01,4,9976,卖盘
1651,13:20:20,24.95,--,10,24950,买盘
1652,13:20:17,24.95,--,11,27445,买盘
1653,13:20:11,24.95,--,5,12475,买盘
1654,13:20:08,24.95,-0.01,6,14970,买盘
1655,13:20:05,24.96,--,0,0,买盘
1656,13:19:59,24.96,--,9,22464,买盘
1657,13:19:56,24.96,--,10,24960,买盘
1658,13:19:53,24.96,0.02,9,22464,买盘
1659,13:19:50,24.94,-0.01,30,74820,卖盘
1660,13:19:47,24.95,--,5,12475,买盘
1661,13:19:44,24.95,--,1,2495,买盘
1662,13:19:41,24.95,0.01,7,17465,中性盘
1663,13:19:38,24.94,--,13,32422,卖盘
1664,13:19:26,24.94,--,1,2494,卖盘
1665,13:19:17,24.94,--,25,62350,卖盘
1666,13:19:14,24.94,--,0,0,中性盘
1667,13:19:08,24.94,-0.02,3,7482,卖盘
1668,13:18:56,24.96,0.02,12,29952,卖盘
1669,13:18:53,24.94,-0.02,12,29928,卖盘
1670,13:18:47,24.96,-0.01,3,7488,卖盘
1671,13:18:44,24.97,--,26,64922,买盘
1672,13:18:41,24.97,0.03,22,54934,买盘
1673,13:18:38,24.94,-0.02,115,286810,卖盘
1674,13:18:35,24.96,--,13,32448,买盘
1675,13:18:32,24.96,--,0,0,买盘
1676,13:18:29,24.96,0.01,100,249600,买盘
1677,13:18:26,24.95,--,32,79840,买盘
1678,13:18:20,24.95,--,10,24950,买盘
1679,13:18:17,24.95,-0.01,5,12475,卖盘
1680,13:18:14,24.96,--,35,87360,买盘
1681,13:18:11,24.96,-0.01,123,307008,卖盘
1682,13:18:08,24.97,--,12,29964,买盘
1683,13:18:05,24.97,--,0,0,买盘
1684,13:18:02,24.97,--,30,74910,买盘
1685,13:17:56,24.97,0.01,7,17479,买盘
1686,13:17:53,24.96,--,21,52416,卖盘
1687,13:17:47,24.96,-0.01,48,119808,卖盘
1688,13:17:44,24.97,--,4,9988,买盘
1689,13:17:41,24.97,0.02,28,69916,买盘
1690,13:17:35,24.95,-0.01,131,326845,卖盘
1691,13:17:29,24.96,--,10,24960,买盘
1692,13:17:26,24.96,0.01,29,72384,买盘
1693,13:17:23,24.95,--,15,37425,卖盘
1694,13:17:17,24.95,0.01,137,341815,买盘
1695,13:17:14,24.94,0.01,4,9976,买盘
1696,13:17:11,24.93,--,5,12465,卖盘
1697,13:17:05,24.93,-0.01,1,2493,卖盘
1698,13:17:02,24.94,0.01,8,19952,买盘
1699,13:16:56,24.93,-0.01,1,2493,卖盘
1700,13:16:53,24.94,--,12,29928,买盘
1701,13:16:50,24.94,-0.01,5,12470,卖盘
1702,13:16:44,24.95,0.01,22,54890,买盘
1703,13:16:41,24.94,--,9,22446,卖盘
1704,13:16:38,24.94,-0.01,2,4988,卖盘
1705,13:16:35,24.95,0.01,64,159680,买盘
1706,13:16:29,24.94,-0.01,11,27434,卖盘
1707,13:16:23,24.95,--,1,2495,买盘
1708,13:16:20,24.95,-0.01,9,22455,卖盘
1709,13:16:14,24.96,0.01,4,9984,买盘
1710,13:16:02,24.95,--,0,0,卖盘
1711,13:15:59,24.95,-0.02,2,4990,卖盘
1712,13:15:50,24.97,--,0,0,买盘
1713,13:15:44,24.97,0.03,4,9988,买盘
1714,13:15:38,24.94,-0.03,1,2494,卖盘
1715,13:15:32,24.97,--,2,4994,买盘
1716,13:15:29,24.97,--,6,14982,买盘
1717,13:15:26,24.97,--,0,0,买盘
1718,13:15:23,24.97,0.04,3,7491,买盘
1719,13:15:17,24.93,-0.05,50,124650,卖盘
1720,13:15:14,24.98,--,4,9992,买盘
1721,13:15:11,24.98,--,22,54956,买盘
1722,13:15:08,24.98,--,113,282274,买盘
1723,13:15:02,24.98,0.05,101,252298,买盘
1724,13:14:59,24.93,--,0,0,卖盘
1725,13:14:56,24.93,-0.02,55,137115,卖盘
1726,13:14:53,24.95,--,0,0,卖盘
1727,13:14:50,24.95,--,2,4990,卖盘
1728,13:14:44,24.95,-0.01,10,24950,卖盘
1729,13:14:41,24.96,0.01,13,32448,买盘
1730,13:14:38,24.95,0.01,12,29940,买盘
1731,13:14:35,24.94,-0.01,59,147146,卖盘
1732,13:14:26,24.95,--,23,57385,买盘
1733,13:14:14,24.95,0.01,4,9980,买盘
1734,13:14:05,24.94,-0.01,5,12470,卖盘
1735,13:13:50,24.95,-0.01,1,2495,卖盘
1736,13:13:47,24.96,--,8,19968,买盘
1737,13:13:44,24.96,0.02,5,12480,买盘
1738,13:13:38,24.94,--,0,0,卖盘
1739,13:13:35,24.94,-0.01,30,74820,卖盘
1740,13:13:26,24.95,-0.02,1,2495,卖盘
1741,13:13:23,24.97,--,0,0,买盘
1742,13:13:20,24.97,--,7,17479,买盘
1743,13:13:17,24.97,--,0,0,买盘
1744,13:13:14,24.97,0.03,4,9988,买盘
1745,13:13:08,24.94,-0.04,30,74820,卖盘
1746,13:13:05,24.98,--,0,0,买盘
1747,13:12:56,24.98,0.01,8,19984,买盘
1748,13:12:50,24.97,-0.01,31,77407,卖盘
1749,13:12:47,24.98,--,27,67446,买盘
1750,13:12:44,24.98,--,0,0,买盘
1751,13:12:41,24.98,0.02,101,252298,买盘
1752,13:12:38,24.96,-0.01,10,24960,中性盘
1753,13:12:35,24.97,--,9,22473,买盘
1754,13:12:32,24.97,--,20,49940,买盘
1755,13:12:20,24.97,--,2,4994,买盘
1756,13:12:14,24.97,0.01,9,22473,买盘
1757,13:12:11,24.96,-0.01,7,17472,卖盘
1758,13:12:08,24.97,--,15,37455,买盘
1759,13:11:59,24.97,--,40,101577,卖盘
1760,13:11:53,24.97,--,12,29964,卖盘
1761,13:11:50,24.97,-0.01,8,19976,卖盘
1762,13:11:44,24.98,0.01,4,9992,买盘
1763,13:11:41,24.97,-0.01,12,29964,卖盘
1764,13:11:26,24.98,--,8,19984,买盘
1765,13:11:20,24.98,-0.01,9,22482,买盘
1766,13:11:17,24.99,--,0,0,买盘
1767,13:11:14,24.99,0.02,4,9996,买盘
1768,13:11:11,24.97,-0.02,34,84898,卖盘
1769,13:11:08,24.99,--,15,37485,买盘
1770,13:11:01,24.99,0.02,29,72471,买盘
1771,13:10:59,24.97,-0.02,1,2497,卖盘
1772,13:10:47,24.99,--,9,22491,买盘
1773,13:10:43,24.99,--,10,24990,买盘
1774,13:10:41,24.99,0.02,1,2499,买盘
1775,13:10:37,24.97,--,46,114862,卖盘
1776,13:10:34,24.97,--,0,0,卖盘
1777,13:10:25,24.97,-0.02,15,37455,卖盘
1778,13:10:22,24.99,--,0,0,买盘
1779,13:10:19,24.99,--,15,37485,买盘
1780,13:10:16,24.99,--,50,124949,买盘
1781,13:10:13,24.99,0.02,12,29987,买盘
1782,13:10:10,24.97,--,0,0,卖盘
1783,13:10:07,24.97,-0.02,0,799,卖盘
1784,13:10:04,24.99,--,22,54978,买盘
1785,13:10:01,24.99,--,0,0,买盘
1786,13:09:58,24.99,--,27,67473,买盘
1787,13:09:55,24.99,--,110,274890,买盘
1788,13:09:52,24.99,--,0,0,买盘
1789,13:09:49,24.99,0.02,108,269892,买盘
1790,13:09:43,24.97,--,18,44946,买盘
1791,13:09:40,24.97,--,23,57431,买盘
1792,13:09:31,24.97,0.01,24,59928,买盘
1793,13:09:28,24.96,0.02,4,9984,买盘
1794,13:09:25,24.94,-0.01,5,12470,卖盘
1795,13:09:19,24.95,0.01,6,14970,中性盘
1796,13:09:16,24.94,-0.01,1,2494,卖盘
1797,13:09:13,24.95,0.01,4,9980,中性盘
1798,13:09:10,24.94,--,4,9976,中性盘
1799,13:09:01,24.94,--,0,0,买盘
1800,13:08:52,24.94,-0.03,14,34916,卖盘
1801,13:08:49,24.97,--,0,0,买盘
1802,13:08:46,24.97,0.01,3,7491,买盘
1803,13:08:43,24.96,--,1,2496,卖盘
1804,13:08:40,24.96,0.03,5,12480,买盘
1805,13:08:37,24.93,--,0,0,卖盘
1806,13:08:34,24.93,-0.02,35,87255,卖盘
1807,13:08:31,24.95,--,0,0,买盘
1808,13:08:28,24.95,0.01,6,14970,买盘
1809,13:08:25,24.94,--,1,2494,买盘
1810,13:08:16,24.94,--,19,47386,卖盘
1811,13:08:13,24.94,--,17,42398,卖盘
1812,13:08:04,24.94,-0.01,5,12470,卖盘
1813,13:07:58,24.95,-0.01,5,12475,买盘
1814,13:07:55,24.96,--,3,7488,买盘
1815,13:07:49,24.96,--,26,64896,买盘
1816,13:07:46,24.96,--,40,99840,买盘
1817,13:07:43,24.96,--,33,82368,买盘
1818,13:07:40,24.96,0.01,6,14976,买盘
1819,13:07:37,24.95,0.01,1,2495,中性盘
1820,13:07:34,24.94,-0.02,1,2494,卖盘
1821,13:07:31,24.96,0.01,21,52416,买盘
1822,13:07:28,24.95,-0.01,50,124750,卖盘
1823,13:07:25,24.96,--,0,0,买盘
1824,13:07:22,24.96,0.03,138,344448,买盘
1825,13:07:16,24.93,-0.02,190,473670,卖盘
1826,13:07:13,24.95,--,4,9980,买盘
1827,13:07:04,24.95,--,6,14970,买盘
1828,13:07:01,24.95,0.01,81,202095,买盘
1829,13:06:46,24.94,-0.01,172,428968,卖盘
1830,13:06:42,24.95,0.01,4,9980,买盘
1831,13:06:36,24.94,-0.03,1,2494,卖盘
1832,13:06:24,24.97,--,0,0,买盘
1833,13:06:12,24.97,--,9,22473,买盘
1834,13:06:06,24.97,--,0,0,买盘
1835,13:06:03,24.97,0.02,5,12485,买盘
1836,13:06:00,24.95,--,3,7485,卖盘
1837,13:05:57,24.95,--,2,4990,卖盘
1838,13:05:43,24.95,0.01,9,22455,中性盘
1839,13:05:39,24.94,-0.04,1,2494,卖盘
1840,13:05:33,24.98,0.03,118,294764,买盘
1841,13:05:27,24.95,--,102,254490,买盘
1842,13:05:24,24.95,--,3,7485,买盘
1843,13:05:21,24.95,-0.03,43,107285,卖盘
1844,13:05:12,24.98,0.03,4,9992,买盘
1845,13:05:06,24.95,-0.03,5,12475,卖盘
1846,13:05:03,24.98,0.03,6,14988,买盘
1847,13:05:00,24.95,--,1,2495,卖盘
1848,13:04:57,24.95,-0.01,1,2495,卖盘
1849,13:04:51,24.96,-0.03,2,4992,卖盘
1850,13:04:45,24.99,-0.01,3,7496,卖盘
1851,13:04:42,25.0,0.01,4,10000,买盘
1852,13:04:39,24.99,-0.01,1,2499,卖盘
1853,13:04:30,25.0,0.01,23,57500,买盘
1854,13:04:24,24.99,-0.01,6,14993,卖盘
1855,13:04:18,25.0,--,7,17500,买盘
1856,13:04:12,25.0,--,4,10000,买盘
1857,13:04:09,25.0,--,27,67500,买盘
1858,13:04:03,25.0,0.02,41,102500,买盘
1859,13:03:42,24.98,--,7,17486,卖盘
1860,13:03:39,24.98,0.03,1,2498,买盘
1861,13:03:33,24.95,--,1,2495,卖盘
1862,13:03:27,24.95,-0.03,1,2495,卖盘
1863,13:03:24,24.98,-0.01,1,2498,买盘
1864,13:03:21,24.99,--,15,37485,买盘
1865,13:03:18,24.99,--,9,22491,买盘
1866,13:03:12,24.99,--,4,9996,买盘
1867,13:03:06,24.99,--,3,7496,买盘
1868,13:03:03,24.99,--,6,14993,买盘
1869,13:02:57,24.99,--,3,7496,买盘
1870,13:02:48,24.99,0.04,1,2499,买盘
1871,13:02:45,24.95,-0.04,16,39920,卖盘
1872,13:02:42,24.99,--,8,19992,卖盘
1873,13:02:33,24.99,--,1,2499,卖盘
1874,13:02:30,24.99,--,4,9996,买盘
1875,13:02:27,24.99,--,2,4998,买盘
1876,13:02:21,24.99,-0.01,2,4998,买盘
1877,13:02:15,25.0,--,0,0,买盘
1878,13:02:12,25.0,0.02,4,10000,买盘
1879,13:02:06,24.98,-0.02,3,7494,卖盘
1880,13:02:03,25.0,0.01,5,12500,买盘
1881,13:01:48,24.99,0.01,3,7496,买盘
1882,13:01:42,24.98,0.03,3,7494,买盘
1883,13:01:33,24.95,-0.03,2,4990,卖盘
1884,13:01:30,24.98,-0.02,1,2498,买盘
1885,13:01:21,25.0,--,0,0,买盘
1886,13:01:09,25.0,0.02,2,5000,买盘
1887,13:01:06,24.98,-0.02,2,4996,卖盘
1888,13:01:03,25.0,-0.01,6,15000,买盘
1889,13:00:53,25.01,0.06,3,7503,买盘
1890,13:00:42,24.95,-0.06,1,2495,卖盘
1891,13:00:39,25.01,0.07,398,995398,买盘
1892,13:00:33,24.94,-0.04,400,997600,卖盘
1893,13:00:30,24.98,--,113,282274,买盘
1894,13:00:27,24.98,0.01,5,12490,买盘
1895,13:00:24,24.97,--,67,167299,卖盘
1896,13:00:20,24.97,--,29,72413,卖盘
1897,13:00:17,24.97,--,21,52437,卖盘
1898,13:00:14,24.97,--,2,4994,卖盘
1899,13:00:09,24.97,-0.01,110,274670,卖盘
1900,13:00:03,24.98,0.04,440,1099120,买盘
1901,11:30:00,24.94,--,0,0,卖盘
1902,11:30:00,24.94,--,0,0,卖盘
1903,11:29:59,24.94,--,2,4988,卖盘
1904,11:29:57,24.94,-0.03,100,249400,卖盘
1905,11:29:54,24.97,--,2,4994,买盘
1906,11:29:42,24.97,--,5,12485,买盘
1907,11:29:39,24.97,--,1,2497,买盘
1908,11:29:36,24.97,-0.01,3,7491,卖盘
1909,11:29:30,24.98,0.01,1,2498,买盘
1910,11:29:21,24.97,--,5,12485,卖盘
1911,11:29:15,24.97,--,20,49940,卖盘
1912,11:29:06,24.97,--,34,84898,卖盘
1913,11:29:03,24.97,--,26,64922,卖盘
1914,11:28:57,24.97,-0.01,3,7491,卖盘
1915,11:28:54,24.98,--,5,12490,买盘
1916,11:28:51,24.98,0.01,21,52458,买盘
1917,11:28:48,24.97,--,2,4994,卖盘
1918,11:28:45,24.97,--,1,2497,卖盘
1919,11:28:42,24.97,--,15,37455,卖盘
1920,11:28:36,24.97,--,2,4994,卖盘
1921,11:28:30,24.97,--,1,2497,卖盘
1922,11:28:27,24.97,--,2,4994,卖盘
1923,11:28:24,24.97,-0.01,1,2497,卖盘
1924,11:28:21,24.98,0.01,21,52458,买盘
1925,11:28:06,24.97,--,22,54934,买盘
1926,11:27:57,24.97,--,8,19976,买盘
1927,11:27:48,24.97,0.04,3,7491,买盘
1928,11:27:45,24.93,--,0,0,卖盘
1929,11:27:42,24.93,--,0,0,卖盘
1930,11:27:39,24.93,-0.05,1,2493,卖盘
1931,11:27:36,24.98,--,0,0,买盘
1932,11:27:33,24.98,--,10,24980,买盘
1933,11:27:30,24.98,0.02,10,24980,买盘
1934,11:27:24,24.96,--,0,0,中性盘
1935,11:27:21,24.96,--,1,2496,卖盘
1936,11:27:18,24.96,--,5,12480,卖盘
1937,11:27:15,24.96,--,18,44928,卖盘
1938,11:27:09,24.96,-0.02,1,2496,卖盘
1939,11:27:03,24.98,0.06,9,22482,中性盘
1940,11:26:57,24.92,--,0,0,卖盘
1941,11:26:51,24.92,--,32,79744,卖盘
1942,11:26:47,24.92,-0.05,1,2492,卖盘
1943,11:26:45,24.97,0.01,296,739112,买盘
1944,11:26:39,24.96,0.04,588,1467648,买盘
1945,11:26:36,24.92,-0.01,13,32396,卖盘
1946,11:26:32,24.93,0.01,10,24930,买盘
1947,11:26:27,24.92,--,2,4984,卖盘
1948,11:26:17,24.92,--,1,2492,卖盘
1949,11:26:14,24.92,-0.01,1,2492,卖盘
1950,11:26:10,24.93,0.01,4,9972,买盘
1951,11:26:04,24.92,--,21,52332,卖盘
1952,11:25:56,24.92,--,2,4984,卖盘
1953,11:25:47,24.92,--,5,12460,卖盘
1954,11:25:43,24.92,--,198,493416,卖盘
1955,11:25:40,24.92,0.01,22,54824,买盘
1956,11:25:37,24.91,--,1,2491,卖盘
1957,11:25:34,24.91,-0.01,500,1245500,卖盘
1958,11:25:32,24.92,0.01,6,14952,买盘
1959,11:25:28,24.91,-0.01,17,42347,卖盘
1960,11:25:25,24.92,0.01,17,42364,买盘
1961,11:25:23,24.91,-0.01,20,49820,卖盘
1962,11:25:07,24.92,0.01,1,2492,买盘
1963,11:25:02,24.91,--,5,12455,卖盘
1964,11:24:59,24.91,--,12,29892,卖盘
1965,11:24:46,24.91,-0.01,1,2491,卖盘
1966,11:24:43,24.92,0.01,5,12460,买盘
1967,11:24:40,24.91,--,0,0,卖盘
1968,11:24:35,24.91,-0.02,9,22419,卖盘
1969,11:24:29,24.93,0.02,104,259272,买盘
1970,11:24:25,24.91,--,0,0,卖盘
1971,11:24:23,24.91,-0.02,1,2491,卖盘
1972,11:24:19,24.93,0.02,124,309132,买盘
1973,11:24:13,24.91,--,1,2491,卖盘
1974,11:24:10,24.91,-0.02,161,402246,卖盘
1975,11:24:08,24.93,-0.01,22,54846,卖盘
1976,11:24:05,24.94,0.01,61,153430,买盘
1977,11:24:02,24.93,--,22,54846,卖盘
1978,11:23:58,24.93,--,8,19944,卖盘
1979,11:23:56,24.93,-0.01,1,2493,卖盘
1980,11:23:49,24.94,0.01,3,7482,买盘
1981,11:23:40,24.93,-0.01,5,12465,卖盘
1982,11:23:34,24.94,--,8,21149,卖盘
1983,11:23:25,24.94,--,3,7482,卖盘
1984,11:23:16,24.94,--,9,22446,卖盘
1985,11:23:11,24.94,--,30,74820,卖盘
1986,11:23:07,24.94,--,92,229448,卖盘
1987,11:23:04,24.94,--,3,7482,卖盘
1988,11:23:02,24.94,--,20,49880,卖盘
1989,11:22:59,24.94,-0.02,6,14964,卖盘
1990,11:22:55,24.96,--,0,0,买盘
1991,11:22:49,24.96,0.02,28,69888,买盘
1992,11:22:46,24.94,--,6,14964,卖盘
1993,11:22:44,24.94,--,0,0,卖盘
1994,11:22:41,24.94,--,178,443932,卖盘
1995,11:22:34,24.94,--,9,22446,卖盘
1996,11:22:31,24.94,-0.01,201,501294,卖盘
1997,11:22:29,24.95,-0.01,1,2495,卖盘
1998,11:22:25,24.96,0.01,24,59904,买盘
1999,11:22:22,24.95,--,5,12475,卖盘
2000,11:22:14,24.95,-0.01,1,2495,卖盘
2001,11:22:10,24.96,--,6,14976,买盘
2002,11:22:07,24.96,0.01,100,249600,买盘
2003,11:22:05,24.95,--,5,12475,卖盘
2004,11:22:01,24.95,-0.01,6,14970,卖盘
2005,11:21:58,24.96,--,98,244608,买盘
2006,11:21:43,24.96,--,5,12480,买盘
2007,11:21:40,24.96,0.01,43,107328,买盘
2008,11:21:37,24.95,-0.01,23,57385,卖盘
2009,11:21:22,24.96,-0.01,58,144768,卖盘
2010,11:21:19,24.97,--,100,249700,买盘
2011,11:21:17,24.97,0.01,1,2497,买盘
2012,11:21:13,24.96,-0.01,100,249600,卖盘
2013,11:21:10,24.97,0.01,28,69916,买盘
2014,11:21:07,24.96,-0.01,1,2496,卖盘
2015,11:21:04,24.97,0.01,15,37455,买盘
2016,11:20:58,24.96,-0.01,2,4992,卖盘
2017,11:20:52,24.97,--,5,12485,买盘
2018,11:20:49,24.97,--,27,67419,卖盘
2019,11:20:47,24.97,-0.02,1,2497,卖盘
2020,11:20:40,24.99,0.02,22,54978,买盘
2021,11:20:37,24.97,-0.01,2,4994,卖盘
2022,11:20:34,24.98,--,31,77438,卖盘
2023,11:20:29,24.98,--,1,2498,卖盘
2024,11:20:25,24.98,--,10,24980,卖盘
2025,11:20:22,24.98,0.01,1,2498,买盘
2026,11:20:20,24.97,-0.01,16,39952,卖盘
2027,11:20:17,24.98,--,2,4996,卖盘
2028,11:20:13,24.98,--,5,12490,卖盘
2029,11:20:10,24.98,0.01,27,67446,买盘
2030,11:20:01,24.97,-0.01,1,2497,卖盘
2031,11:19:58,24.98,0.01,5,12490,买盘
2032,11:19:56,24.97,-0.01,51,127347,卖盘
2033,11:19:49,24.98,--,0,0,买盘
2034,11:19:43,24.98,-0.01,23,57454,卖盘
2035,11:19:40,24.99,0.01,22,54978,买盘
2036,11:19:28,24.98,0.01,1,2498,卖盘
2037,11:19:22,24.97,--,0,0,卖盘
2038,11:19:19,24.97,-0.02,1,2497,卖盘
2039,11:19:13,24.99,-0.01,2,4998,买盘
2040,11:19:10,25.0,--,0,0,买盘
2041,11:19:07,25.0,--,30,75000,买盘
2042,11:19:01,25.0,0.01,112,280000,买盘
2043,11:18:59,24.99,--,10,24990,买盘
2044,11:18:55,24.99,--,66,164934,卖盘
2045,11:18:49,24.99,--,13,32486,卖盘
2046,11:18:43,24.99,--,7,17493,卖盘
2047,11:18:37,24.99,-0.01,5,12495,卖盘
2048,11:18:22,25.0,0.01,13,32500,买盘
2049,11:18:16,24.99,--,2,4998,卖盘
2050,11:18:10,24.99,--,4,9996,卖盘
2051,11:17:58,24.99,-0.03,4,9996,卖盘
2052,11:17:55,25.02,0.02,100,250200,买盘
2053,11:17:49,25.0,0.01,10,25000,买盘
2054,11:17:37,24.99,--,1,2499,卖盘
2055,11:17:34,24.99,--,3,7496,卖盘
2056,11:17:31,24.99,-0.01,30,74970,卖盘
2057,11:17:28,25.0,--,0,0,买盘
2058,11:17:22,25.0,0.03,8,20000,买盘
2059,11:17:19,24.97,-0.01,59,147323,卖盘
2060,11:17:07,24.98,--,0,0,卖盘
2061,11:17:04,24.98,-0.01,13,32474,卖盘
2062,11:17:01,24.99,--,3,7496,卖盘
2063,11:16:37,24.99,--,0,0,卖盘
2064,11:16:34,24.99,-0.04,48,119951,卖盘
2065,11:16:31,25.03,0.03,31,77593,买盘
2066,11:16:28,25.0,--,0,0,卖盘
2067,11:16:25,25.0,-0.03,13,32500,卖盘
2068,11:16:16,25.03,--,0,0,买盘
2069,11:16:13,25.03,0.04,179,448037,买盘
2070,11:16:07,24.99,-0.04,139,347361,卖盘
2071,11:16:04,25.03,--,0,0,买盘
2072,11:15:58,25.03,0.03,76,190228,买盘
2073,11:15:55,25.0,--,51,127500,卖盘
2074,11:15:52,25.0,-0.02,48,120000,卖盘
2075,11:15:49,25.02,0.02,23,57546,买盘
2076,11:15:46,25.0,0.01,3,7500,卖盘
2077,11:15:37,24.99,-0.01,1,2499,卖盘
2078,11:15:34,25.0,--,28,70000,买盘
2079,11:15:31,25.0,--,22,55000,卖盘
2080,11:15:28,25.0,--,55,137500,卖盘
2081,11:15:25,25.0,--,160,400000,卖盘
2082,11:15:22,25.0,-0.03,1,2500,卖盘
2083,11:15:19,25.03,0.04,102,255306,买盘
2084,11:15:16,24.99,-0.03,3,7496,卖盘
2085,11:15:13,25.02,--,13,32526,卖盘
2086,11:15:10,25.02,--,3,7506,卖盘
2087,11:15:07,25.02,--,8,20016,买盘
2088,11:15:01,25.02,0.04,2,5004,买盘
2089,11:14:58,24.98,-0.05,7,17486,卖盘
2090,11:14:52,25.03,--,0,0,买盘
2091,11:14:49,25.03,0.01,10,25030,买盘
2092,11:14:43,25.02,-0.01,12,30024,买盘
2093,11:14:40,25.03,--,0,0,买盘
2094,11:14:37,25.03,0.01,59,147677,买盘
2095,11:14:31,25.02,0.02,3,7506,买盘
2096,11:14:28,25.0,--,0,0,买盘
2097,11:14:22,25.0,--,4,10000,卖盘
2098,11:14:19,25.0,-0.02,10,25000,卖盘
2099,11:14:13,25.02,--,14,35028,卖盘
2100,11:14:10,25.02,--,1,2502,卖盘
2101,11:14:07,25.02,0.04,7,17514,买盘
2102,11:14:04,24.98,--,8,19984,卖盘
2103,11:14:01,24.98,-0.05,2,4996,卖盘
2104,11:13:55,25.03,--,0,0,买盘
2105,11:13:52,25.03,--,6,15018,买盘
2106,11:13:37,25.03,0.02,22,55066,买盘
2107,11:13:25,25.01,--,0,0,买盘
2108,11:13:19,25.01,0.01,6,15006,买盘
2109,11:13:16,25.0,--,28,70000,卖盘
2110,11:13:13,25.0,--,2,5000,卖盘
2111,11:13:10,25.0,--,16,40000,买盘
2112,11:13:07,25.0,--,42,105000,买盘
2113,11:13:04,25.0,0.02,6,15000,买盘
2114,11:13:01,24.98,--,2,4996,卖盘
2115,11:12:49,24.98,-0.01,7,17486,卖盘
2116,11:12:46,24.99,--,7,17493,买盘
2117,11:12:43,24.99,--,1,2499,买盘
2118,11:12:40,24.99,-0.01,8,19992,卖盘
2119,11:12:37,25.0,0.01,2,5000,买盘
2120,11:12:25,24.99,-0.05,11,27489,卖盘
2121,11:12:22,25.04,0.04,19,47576,买盘
2122,11:12:16,25.0,--,17,42500,卖盘
2123,11:12:13,25.0,-0.04,3,7500,卖盘
2124,11:12:10,25.04,--,0,0,买盘
2125,11:11:58,25.04,--,0,0,买盘
2126,11:11:49,25.04,0.05,111,277944,买盘
2127,11:11:43,24.99,--,270,674730,买盘
2128,11:11:37,24.99,--,1,2499,买盘
2129,11:11:31,24.99,--,19,47481,卖盘
2130,11:11:28,24.99,--,0,0,卖盘
2131,11:11:25,24.99,-0.04,20,49980,卖盘
2132,11:11:22,25.03,--,1,2503,买盘
2133,11:11:19,25.03,-0.01,1,2503,买盘
2134,11:11:13,25.04,--,0,0,买盘
2135,11:11:10,25.04,0.01,27,67608,买盘
2136,11:11:07,25.03,0.03,5,12515,买盘
2137,11:11:04,25.0,--,34,85000,中性盘
2138,11:10:58,25.0,-0.05,12,30000,卖盘
2139,11:10:55,25.05,0.02,234,586170,买盘
2140,11:10:49,25.03,-0.01,176,440528,卖盘
2141,11:10:46,25.04,--,37,92648,买盘
2142,11:10:40,25.04,--,31,77624,卖盘
2143,11:10:37,25.04,--,64,160256,卖盘
2144,11:10:34,25.04,--,50,125200,卖盘
2145,11:10:31,25.04,0.01,52,130208,中性盘
2146,11:10:28,25.03,--,192,480576,卖盘
2147,11:10:25,25.03,--,79,197737,卖盘
2148,11:10:22,25.03,--,84,210252,卖盘
2149,11:10:19,25.03,--,54,135162,卖盘
2150,11:10:16,25.03,--,80,200240,卖盘
2151,11:10:13,25.03,--,50,125150,卖盘
2152,11:10:07,25.03,--,34,85102,买盘
2153,11:10:04,25.03,--,2,5006,买盘
2154,11:09:58,25.03,--,7,17521,卖盘
2155,11:09:54,25.03,--,9,22527,卖盘
2156,11:09:52,25.03,--,9,22527,卖盘
2157,11:09:49,25.03,0.01,10,25030,买盘
2158,11:09:46,25.02,--,0,0,中性盘
2159,11:09:43,25.02,--,1,2502,中性盘
2160,11:09:40,25.02,-0.01,1,2502,卖盘
2161,11:09:34,25.03,--,123,307869,卖盘
2162,11:09:31,25.03,--,1,2503,卖盘
2163,11:09:28,25.03,0.01,121,302863,中性盘
2164,11:09:25,25.02,--,1,2502,卖盘
2165,11:09:22,25.02,--,93,232686,中性盘
2166,11:09:19,25.02,-0.02,47,117594,卖盘
2167,11:09:15,25.04,0.01,11,27544,买盘
2168,11:09:12,25.03,-0.01,14,35042,卖盘
2169,11:09:09,25.04,-0.01,9,22536,买盘
2170,11:09:06,25.05,0.01,103,259042,买盘
2171,11:09:03,25.04,-0.01,50,125200,卖盘
2172,11:09:00,25.05,--,217,543585,买盘
2173,11:08:57,25.05,0.01,60,150300,买盘
2174,11:08:54,25.04,--,50,125200,卖盘
2175,11:08:51,25.04,--,60,150240,卖盘
2176,11:08:48,25.04,--,7,17528,卖盘
2177,11:08:45,25.04,--,47,117688,卖盘
2178,11:08:42,25.04,0.02,139,349533,买盘
2179,11:08:39,25.02,--,40,100080,卖盘
2180,11:08:36,25.02,-0.02,3,7506,卖盘
2181,11:08:33,25.04,--,0,0,买盘
2182,11:08:30,25.04,0.01,107,267928,买盘
2183,11:08:27,25.03,--,6,15018,买盘
2184,11:08:24,25.03,0.02,123,307869,买盘
2185,11:08:21,25.01,--,20,50020,买盘
2186,11:08:18,25.01,-0.01,113,282613,卖盘
2187,11:08:15,25.02,0.01,54,135108,买盘
2188,11:08:12,25.01,-0.01,50,125050,卖盘
2189,11:08:09,25.02,0.01,48,120096,买盘
2190,11:08:06,25.01,-0.01,186,465186,卖盘
2191,11:08:03,25.02,0.01,124,310248,买盘
2192,11:08:00,25.01,--,50,125050,卖盘
2193,11:07:57,25.01,--,50,125050,卖盘
2194,11:07:54,25.01,--,35,87535,卖盘
2195,11:07:51,25.01,--,71,177571,买盘
2196,11:07:48,25.01,-0.01,5,12505,卖盘
2197,11:07:45,25.02,0.01,20,50040,买盘
2198,11:07:42,25.01,0.01,11,27511,卖盘
2199,11:07:39,25.0,--,3,7500,卖盘
2200,11:07:36,25.0,0.03,4,10000,卖盘
2201,11:07:33,24.97,-0.05,36,89892,卖盘
2202,11:07:30,25.02,0.01,118,295236,买盘
2203,11:07:27,25.01,--,50,125050,卖盘
2204,11:07:24,25.01,-0.01,182,455182,卖盘
2205,11:07:21,25.02,0.01,1,2502,买盘
2206,11:07:18,25.01,0.02,160,400160,买盘
2207,11:07:12,24.99,-0.02,7,17493,卖盘
2208,11:07:09,25.01,--,24,60024,买盘
2209,11:07:06,25.01,0.03,4,10004,买盘
2210,11:07:03,24.98,--,0,0,卖盘
2211,11:07:00,24.98,-0.03,5,12490,中性盘
2212,11:06:54,25.01,--,30,75030,买盘
2213,11:06:51,25.01,0.01,186,465186,买盘
2214,11:06:48,25.0,--,250,625000,买盘
2215,11:06:45,25.0,0.01,37,92500,买盘
2216,11:06:42,24.99,-0.01,7,17493,卖盘
2217,11:06:39,25.0,--,23,57500,买盘
2218,11:06:36,25.0,0.02,12,30000,买盘
2219,11:06:27,24.98,-0.01,21,52458,卖盘
2220,11:06:21,24.99,--,21,52479,买盘
2221,11:06:18,24.99,0.01,1,2499,买盘
2222,11:06:09,24.98,--,16,39968,买盘
2223,11:05:57,24.98,--,5,12490,买盘
2224,11:05:54,24.98,--,1,2498,卖盘
2225,11:05:51,24.98,-0.02,10,24980,卖盘
2226,11:05:45,25.0,0.01,120,300000,买盘
2227,11:05:39,24.99,0.01,22,54978,买盘
2228,11:05:33,24.98,--,5,12490,卖盘
2229,11:05:24,24.98,--,7,17486,买盘
2230,11:05:18,24.98,--,2,4996,买盘
2231,11:05:15,24.98,0.01,10,24980,买盘
2232,11:05:12,24.97,--,9,22473,卖盘
2233,11:05:03,24.97,--,0,0,卖盘
2234,11:04:57,24.97,-0.02,2,4994,卖盘
2235,11:04:54,24.99,0.02,39,97461,买盘
2236,11:04:45,24.97,--,13,32461,买盘
2237,11:04:42,24.97,-0.01,39,97383,卖盘
2238,11:04:39,24.98,--,3,7494,买盘
2239,11:04:33,24.98,0.01,1,2498,买盘
2240,11:04:27,24.97,-0.01,2,4994,卖盘
2241,11:04:24,24.98,0.01,2,4996,买盘
2242,11:04:21,24.97,-0.01,2,4994,卖盘
2243,11:04:18,24.98,--,1,2498,买盘
2244,11:04:15,24.98,-0.02,9,22482,卖盘
2245,11:04:12,25.0,--,0,0,买盘
2246,11:04:09,25.0,--,22,55000,买盘
2247,11:04:06,25.0,0.03,2,5000,买盘
2248,11:03:57,24.97,--,0,0,卖盘
2249,11:03:54,24.97,-0.01,101,252197,卖盘
2250,11:03:48,24.98,0.01,8,19984,买盘
2251,11:03:45,24.97,--,1,2497,卖盘
2252,11:03:39,24.97,-0.01,28,69916,卖盘
2253,11:03:33,24.98,-0.01,1,2498,买盘
2254,11:03:30,24.99,--,0,0,买盘
2255,11:03:25,24.99,0.01,5,12495,买盘
2256,11:03:22,24.98,0.01,3,7494,买盘
2257,11:03:20,24.97,-0.01,10,24970,卖盘
2258,11:03:16,24.98,0.01,2,4996,买盘
2259,11:03:13,24.97,-0.01,1,2497,卖盘
2260,11:03:10,24.98,-0.01,23,57454,卖盘
2261,11:03:04,24.99,--,50,124949,买盘
2262,11:03:01,24.99,0.03,10,24990,买盘
2263,11:02:58,24.96,-0.01,9,22464,卖盘
2264,11:02:55,24.97,--,0,0,买盘
2265,11:02:49,24.97,--,11,27467,买盘
2266,11:02:40,24.97,0.01,22,54934,买盘
2267,11:02:37,24.96,--,2,4992,卖盘
2268,11:02:34,24.96,-0.01,22,54912,卖盘
2269,11:02:31,24.97,0.01,1,2497,买盘
2270,11:02:25,24.96,-0.03,55,137280,卖盘
2271,11:02:22,24.99,--,1,2499,买盘
2272,11:02:19,24.99,--,6,14993,买盘
2273,11:02:16,24.99,--,0,0,买盘
2274,11:02:10,24.99,0.03,22,54978,买盘
2275,11:02:04,24.96,--,7,17472,卖盘
2276,11:02:01,24.96,--,1,2496,卖盘
2277,11:01:55,24.96,0.01,11,27456,买盘
2278,11:01:49,24.95,--,2,4990,卖盘
2279,11:01:46,24.95,--,1,2495,卖盘
2280,11:01:34,24.95,--,2,4990,卖盘
2281,11:01:31,24.95,--,29,72355,卖盘
2282,11:01:28,24.95,-0.04,2,4990,卖盘
2283,11:01:22,24.99,0.03,101,252398,买盘
2284,11:01:19,24.96,0.01,10,24960,买盘
2285,11:01:16,24.95,--,83,207085,卖盘
2286,11:01:13,24.95,--,11,27445,卖盘
2287,11:01:10,24.95,-0.01,2,4990,卖盘
2288,11:01:07,24.96,0.01,16,39936,买盘
2289,11:01:01,24.95,-0.01,25,62375,卖盘
2290,11:00:55,24.96,0.01,2,4992,买盘
2291,11:00:52,24.95,-0.01,12,29940,卖盘
2292,11:00:46,24.96,0.01,58,144768,买盘
2293,11:00:43,24.95,-0.01,4,9980,卖盘
2294,11:00:40,24.96,0.01,1,2496,买盘
2295,11:00:37,24.95,-0.01,3,7485,卖盘
2296,11:00:19,24.96,--,1,2496,买盘
2297,11:00:13,24.96,0.01,12,29952,卖盘
2298,11:00:01,24.95,--,0,0,卖盘
2299,10:59:55,24.95,-0.03,17,42415,卖盘
2300,10:59:52,24.98,0.02,109,272282,买盘
2301,10:59:43,24.96,-0.02,121,302016,卖盘
2302,10:59:40,24.98,--,0,0,买盘
2303,10:59:37,24.98,--,10,24980,买盘
2304,10:59:34,24.98,--,1,2498,买盘
2305,10:59:31,24.98,--,7,17486,卖盘
2306,10:59:28,24.98,--,1,2498,卖盘
2307,10:59:25,24.98,-0.01,131,327238,卖盘
2308,10:59:22,24.99,0.01,29,72471,买盘
2309,10:59:16,24.98,--,110,274780,卖盘
2310,10:59:13,24.98,--,29,72442,卖盘
2311,10:59:10,24.98,--,10,24980,卖盘
2312,10:59:07,24.98,--,11,27478,卖盘
2313,10:59:04,24.98,--,4,9992,卖盘
2314,10:59:01,24.98,--,2,4996,卖盘
2315,10:58:58,24.98,--,1,2498,卖盘
2316,10:58:55,24.98,--,22,54956,卖盘
2317,10:58:52,24.98,--,20,49960,卖盘
2318,10:58:49,24.98,--,62,154876,卖盘
2319,10:58:40,24.98,--,21,52458,卖盘
2320,10:58:34,24.98,--,6,14988,卖盘
2321,10:58:28,24.98,-0.01,5,12490,卖盘
2322,10:58:22,24.99,--,32,79968,买盘
2323,10:58:19,24.99,0.01,1,2499,买盘
2324,10:58:16,24.98,--,10,24980,卖盘
2325,10:58:07,24.98,-0.01,5,12490,卖盘
2326,10:58:04,24.99,0.01,2,4998,买盘
2327,10:58:01,24.98,--,6,14988,卖盘
2328,10:57:58,24.98,--,8,19984,卖盘
2329,10:57:49,24.98,--,50,124900,卖盘
2330,10:57:46,24.98,-0.01,100,249800,卖盘
2331,10:57:43,24.99,0.01,1,2499,买盘
2332,10:57:37,24.98,--,0,0,卖盘
2333,10:57:34,24.98,-0.01,14,34972,卖盘
2334,10:57:31,24.99,-0.01,2,4998,买盘
2335,10:57:28,25.0,0.01,105,262500,买盘
2336,10:57:22,24.99,0.01,1,2499,买盘
2337,10:57:19,24.98,-0.01,37,92426,卖盘
2338,10:57:16,24.99,--,4,9996,卖盘
2339,10:57:10,24.99,--,10,24990,卖盘
2340,10:57:07,24.99,--,10,24990,卖盘
2341,10:57:04,24.99,--,3,7496,卖盘
2342,10:57:01,24.99,--,25,62474,买盘
2343,10:56:58,24.99,--,26,64973,卖盘
2344,10:56:55,24.99,-0.01,111,277389,卖盘
2345,10:56:52,25.0,0.01,25,62500,买盘
2346,10:56:49,24.99,--,9,22491,卖盘
2347,10:56:46,24.99,--,45,112455,卖盘
2348,10:56:40,24.99,--,3,7496,卖盘
2349,10:56:37,24.99,--,16,39984,卖盘
2350,10:56:34,24.99,-0.01,3,7496,卖盘
2351,10:56:31,25.0,0.01,30,75000,买盘
2352,10:56:22,24.99,--,3,7496,卖盘
2353,10:56:16,24.99,--,3,7496,卖盘
2354,10:56:10,24.99,-0.01,1,2499,卖盘
2355,10:56:07,25.0,0.01,10,25000,买盘
2356,10:56:04,24.99,-0.01,3,7496,卖盘
2357,10:56:01,25.0,--,2,5000,买盘
2358,10:55:55,25.0,--,2,5000,买盘
2359,10:55:52,25.0,0.01,3,7500,买盘
2360,10:55:49,24.99,-0.02,21,52479,卖盘
2361,10:55:46,25.01,0.01,169,422669,买盘
2362,10:55:40,25.0,0.01,143,357500,买盘
2363,10:55:37,24.99,--,3,7496,卖盘
2364,10:55:31,24.99,--,11,27489,卖盘
2365,10:55:28,24.99,--,1,2499,卖盘
2366,10:55:25,24.99,--,1,2499,卖盘
2367,10:55:22,24.99,-0.01,1,2499,卖盘
2368,10:55:19,25.0,0.01,1,2500,买盘
2369,10:55:13,24.99,--,10,24990,卖盘
2370,10:55:10,24.99,--,1,2499,卖盘
2371,10:55:07,24.99,--,5,12495,买盘
2372,10:55:04,24.99,-0.01,1,2499,卖盘
2373,10:55:01,25.0,0.01,27,67500,买盘
2374,10:54:52,24.99,0.01,1,2499,卖盘
2375,10:54:46,24.98,--,0,0,卖盘
2376,10:54:40,24.98,-0.02,40,99920,卖盘
2377,10:54:31,25.0,0.02,81,202500,买盘
2378,10:54:25,24.98,-0.02,4,9992,卖盘
2379,10:54:22,25.0,-0.01,53,132500,买盘
2380,10:54:19,25.01,0.01,11,27511,买盘
2381,10:54:13,25.0,--,0,0,中性盘
2382,10:54:07,25.0,--,15,37500,卖盘
2383,10:54:04,25.0,--,7,17500,卖盘
2384,10:54:01,25.0,--,18,45000,卖盘
2385,10:53:58,25.0,--,14,35000,卖盘
2386,10:53:55,25.0,--,2,5000,卖盘
2387,10:53:52,25.0,--,2,5000,卖盘
2388,10:53:49,25.0,--,10,25000,中性盘
2389,10:53:43,25.0,--,2,5000,卖盘
2390,10:53:40,25.0,--,7,17500,卖盘
2391,10:53:34,25.0,--,1,2500,买盘
2392,10:53:28,25.0,-0.02,15,37500,买盘
2393,10:53:25,25.02,0.01,14,35028,买盘
2394,10:53:19,25.01,0.03,6,15006,买盘
2395,10:53:13,24.98,-0.03,1,2498,卖盘
2396,10:53:04,25.01,0.01,120,300120,买盘
2397,10:53:01,25.0,--,0,0,买盘
2398,10:52:58,25.0,0.01,61,152500,买盘
2399,10:52:52,24.99,0.01,11,27489,中性盘
2400,10:52:49,24.98,-0.02,5,12490,卖盘
2401,10:52:43,25.0,0.01,101,252500,买盘
2402,10:52:37,24.99,0.01,25,62474,买盘
2403,10:52:34,24.98,--,4,9992,卖盘
2404,10:52:28,24.98,--,30,74940,卖盘
2405,10:52:25,24.98,-0.01,25,62450,卖盘
2406,10:52:19,24.99,0.01,1,2499,买盘
2407,10:52:13,24.98,--,1,2498,卖盘
2408,10:52:10,24.98,-0.02,13,32474,卖盘
2409,10:52:07,25.0,--,0,0,买盘
2410,10:52:04,25.0,--,2,5000,买盘
2411,10:51:58,25.0,0.01,26,65000,买盘
2412,10:51:52,24.99,-0.01,10,24990,卖盘
2413,10:51:49,25.0,--,1,2500,中性盘
2414,10:51:46,25.0,0.01,40,100000,买盘
2415,10:51:43,24.99,-0.01,16,39984,卖盘
2416,10:51:40,25.0,--,13,32500,买盘
2417,10:51:37,25.0,--,10,25000,买盘
2418,10:51:28,25.0,0.01,3,7500,买盘
2419,10:51:22,24.99,-0.03,7,17493,卖盘
2420,10:51:19,25.02,0.01,109,272718,买盘
2421,10:51:16,25.01,0.01,18,45018,买盘
2422,10:51:13,25.0,--,28,70000,买盘
2423,10:51:07,25.0,--,11,27500,买盘
2424,10:51:04,25.0,--,0,0,买盘
2425,10:50:58,25.0,--,15,37500,卖盘
2426,10:50:55,25.0,--,180,450000,卖盘
2427,10:50:52,25.0,--,2,5000,卖盘
2428,10:50:49,25.0,--,8,20000,买盘
2429,10:50:43,25.0,-0.01,1,2500,卖盘
2430,10:50:40,25.01,0.06,108,270108,买盘
2431,10:50:34,24.95,-0.05,1,2495,卖盘
2432,10:50:31,25.0,0.05,106,266300,买盘
2433,10:50:25,24.95,--,0,0,卖盘
2434,10:50:22,24.95,-0.04,1,2495,卖盘
2435,10:50:19,24.99,0.04,3,7496,买盘
2436,10:50:16,24.95,--,0,0,中性盘
2437,10:50:13,24.95,--,7,17465,买盘
2438,10:50:10,24.95,--,131,326845,买盘
2439,10:50:07,24.95,-0.05,1,2495,买盘
2440,10:50:04,25.0,--,0,0,买盘
2441,10:50:01,25.0,0.05,135,337500,买盘
2442,10:49:58,24.95,--,82,204590,卖盘
2443,10:49:55,24.95,--,105,261975,卖盘
2444,10:49:52,24.95,--,15,37425,卖盘
2445,10:49:46,24.95,-0.01,7,17465,卖盘
2446,10:49:37,24.96,--,1,2496,买盘
2447,10:49:34,24.96,-0.02,105,262080,卖盘
2448,10:49:28,24.98,--,0,0,卖盘
2449,10:49:25,24.98,-0.04,1,2498,卖盘
2450,10:49:22,25.02,0.04,221,552942,买盘
2451,10:49:16,24.98,--,30,74940,卖盘
2452,10:49:10,24.98,--,0,0,卖盘
2453,10:49:07,24.98,--,0,0,卖盘
2454,10:49:04,24.98,--,10,24980,卖盘
2455,10:49:01,24.98,--,199,497102,卖盘
2456,10:48:58,24.98,--,105,262290,卖盘
2457,10:48:55,24.98,--,52,129896,卖盘
2458,10:48:49,24.98,-0.01,29,72442,卖盘
2459,10:48:43,24.99,--,1,2499,买盘
2460,10:48:40,24.99,-0.01,155,387345,卖盘
2461,10:48:37,25.0,--,16,40000,买盘
2462,10:48:34,25.0,0.02,11,27500,买盘
2463,10:48:28,24.98,--,0,0,卖盘
2464,10:48:25,24.98,-0.01,129,322242,卖盘
2465,10:48:21,24.99,-0.01,5,12495,卖盘
2466,10:48:19,25.0,0.01,14,35000,买盘
2467,10:48:13,24.99,--,10,24990,卖盘
2468,10:48:10,24.99,-0.01,10,24990,卖盘
2469,10:48:06,25.0,--,3,7500,买盘
2470,10:48:04,25.0,-0.04,1,2500,中性盘
2471,10:48:01,25.04,0.02,104,260416,买盘
2472,10:47:58,25.02,0.02,100,250200,买盘
2473,10:47:55,25.0,0.01,6,15000,买盘
2474,10:47:52,24.99,-0.03,14,34986,卖盘
2475,10:47:49,25.02,0.02,42,105084,买盘
2476,10:47:43,25.0,--,1,2500,卖盘
2477,10:47:40,25.0,0.01,15,37500,买盘
2478,10:47:37,24.99,-0.01,49,122450,卖盘
2479,10:47:34,25.0,--,5,12500,卖盘
2480,10:47:31,25.0,-0.02,17,42500,卖盘
2481,10:47:25,25.02,-0.02,12,30024,卖盘
2482,10:47:21,25.04,0.01,105,262920,买盘
2483,10:47:19,25.03,--,1,2503,中性盘
2484,10:47:16,25.03,--,0,0,买盘
2485,10:47:13,25.03,0.03,10,25030,买盘
2486,10:47:10,25.0,-0.03,14,35000,卖盘
2487,10:47:07,25.03,--,36,90108,买盘
2488,10:47:03,25.03,-0.02,30,75090,中性盘
2489,10:47:00,25.05,0.01,71,177855,买盘
2490,10:46:58,25.04,0.02,56,140224,买盘
2491,10:46:54,25.02,--,52,130104,中性盘
2492,10:46:49,25.02,-0.02,12,30024,中性盘
2493,10:46:45,25.04,--,117,292968,买盘
2494,10:46:42,25.04,0.02,160,400640,买盘
2495,10:46:39,25.02,--,50,125100,卖盘
2496,10:46:36,25.02,--,1,2502,卖盘
2497,10:46:33,25.02,-0.02,2,5004,卖盘
2498,10:46:30,25.04,--,66,165264,买盘
2499,10:46:27,25.04,--,61,152744,买盘
2500,10:46:24,25.04,--,4,10016,买盘
2501,10:46:21,25.04,--,29,72616,买盘
2502,10:46:18,25.04,0.02,58,145232,买盘
2503,10:46:15,25.02,-0.02,50,125100,卖盘
2504,10:46:12,25.04,--,11,27544,卖盘
2505,10:46:09,25.04,0.02,5,12520,中性盘
2506,10:46:06,25.02,-0.02,174,435348,卖盘
2507,10:46:03,25.04,0.02,55,137720,买盘
2508,10:46:00,25.02,--,86,215172,卖盘
2509,10:45:57,25.02,--,78,195156,卖盘
2510,10:45:54,25.02,--,64,160128,卖盘
2511,10:45:51,25.02,--,104,260208,卖盘
2512,10:45:48,25.02,--,64,160128,卖盘
2513,10:45:45,25.02,--,57,142614,卖盘
2514,10:45:42,25.02,--,59,147618,卖盘
2515,10:45:39,25.02,--,51,127602,卖盘
2516,10:45:36,25.02,--,207,517914,卖盘
2517,10:45:33,25.02,--,51,127602,卖盘
2518,10:45:30,25.02,0.01,158,395316,卖盘
2519,10:45:27,25.01,0.01,173,432673,买盘
2520,10:45:24,25.0,--,53,132500,卖盘
2521,10:45:21,25.0,--,53,132500,卖盘
2522,10:45:18,25.0,--,0,0,卖盘
2523,10:45:15,25.0,--,2,5000,买盘
2524,10:45:12,25.0,-0.04,5,12500,买盘
2525,10:45:09,25.04,0.05,27,67608,买盘
2526,10:45:03,24.99,-0.01,8,19992,卖盘
2527,10:45:00,25.0,--,8,20000,买盘
2528,10:44:57,25.0,--,15,37500,买盘
2529,10:44:54,25.0,--,28,70000,卖盘
2530,10:44:51,25.0,--,159,397500,卖盘
2531,10:44:48,25.0,-0.01,165,412500,卖盘
2532,10:44:45,25.01,--,0,0,中性盘
2533,10:44:42,25.01,-0.01,824,2060824,卖盘
2534,10:44:39,25.02,--,27,67554,买盘
2535,10:44:36,25.02,-0.02,448,1120896,卖盘
2536,10:44:33,25.04,0.02,57,142728,买盘
2537,10:44:30,25.02,--,69,172638,卖盘
2538,10:44:27,25.02,--,61,152622,卖盘
2539,10:44:24,25.02,--,69,172638,卖盘
2540,10:44:21,25.02,--,273,683046,卖盘
2541,10:44:18,25.02,--,51,127602,卖盘
2542,10:44:15,25.02,--,172,430344,卖盘
2543,10:44:12,25.02,--,205,512910,卖盘
2544,10:44:09,25.02,--,79,197658,卖盘
2545,10:44:06,25.02,--,50,125100,卖盘
2546,10:44:03,25.02,--,19,47538,卖盘
2547,10:44:00,25.02,-0.01,21,52542,买盘
2548,10:43:57,25.03,0.04,106,265318,买盘
2549,10:43:51,24.99,-0.02,45,112455,卖盘
2550,10:43:48,25.01,0.01,51,127551,中性盘
2551,10:43:45,25.0,--,1,2500,卖盘
2552,10:43:42,25.0,--,24,60000,卖盘
2553,10:43:39,25.0,--,94,235000,买盘
2554,10:43:36,25.0,--,148,370000,卖盘
2555,10:43:33,25.0,--,2,5000,卖盘
2556,10:43:30,25.0,-0.02,59,147500,中性盘
2557,10:43:27,25.02,0.02,32,80064,买盘
2558,10:43:24,25.0,--,112,280000,卖盘
2559,10:43:21,25.0,--,5,12500,卖盘
2560,10:43:18,25.0,--,137,342500,买盘
2561,10:43:15,25.0,-0.02,156,390000,卖盘
2562,10:43:12,25.02,0.02,73,182646,买盘
2563,10:43:09,25.0,--,154,385000,卖盘
2564,10:43:06,25.0,--,50,125000,卖盘
2565,10:43:03,25.0,--,88,220000,卖盘
2566,10:43:00,25.0,--,98,245000,买盘
2567,10:42:57,25.0,--,1,2500,买盘
2568,10:42:54,25.0,--,204,510000,买盘
2569,10:42:51,25.0,--,137,342500,买盘
2570,10:42:48,25.0,--,21,52500,买盘
2571,10:42:45,25.0,0.01,100,250000,买盘
2572,10:42:42,24.99,-0.01,11,27489,卖盘
2573,10:42:35,25.0,--,16,40000,买盘
2574,10:42:33,25.0,0.01,15,37500,买盘
2575,10:42:30,24.99,0.01,4,9996,卖盘
2576,10:42:24,24.98,--,0,0,卖盘
2577,10:42:21,24.98,-0.01,119,297262,卖盘
2578,10:42:18,24.99,--,6,14993,买盘
2579,10:42:14,24.99,--,43,107457,买盘
2580,10:42:12,24.99,0.01,48,119951,买盘
2581,10:42:07,24.98,--,153,382194,买盘
2582,10:42:01,24.98,--,70,174860,买盘
2583,10:41:58,24.98,--,100,249800,买盘
2584,10:41:55,24.98,--,18,44964,买盘
2585,10:41:52,24.98,--,31,77438,买盘
2586,10:41:49,24.98,0.01,3,7494,买盘
2587,10:41:46,24.97,-0.01,49,122353,卖盘
2588,10:41:43,24.98,0.01,2,4996,买盘
2589,10:41:34,24.97,--,14,34958,卖盘
2590,10:41:22,24.97,--,258,644226,卖盘
2591,10:41:19,24.97,--,121,302137,买盘
2592,10:41:16,24.97,--,67,167299,买盘
2593,10:41:13,24.97,--,33,82401,买盘
2594,10:41:10,24.97,0.01,230,574310,买盘
2595,10:41:07,24.96,--,2,4992,卖盘
2596,10:41:04,24.96,-0.01,22,54912,卖盘
2597,10:41:01,24.97,0.01,50,124850,买盘
2598,10:40:58,24.96,--,12,29952,卖盘
2599,10:40:55,24.96,--,30,74880,卖盘
2600,10:40:49,24.96,-0.01,5,12480,卖盘
2601,10:40:46,24.97,--,27,67419,买盘
2602,10:40:43,24.97,--,13,32461,买盘
2603,10:40:40,24.97,0.02,10,24970,买盘
2604,10:40:37,24.95,--,30,74850,卖盘
2605,10:40:28,24.95,--,1,2495,卖盘
2606,10:40:25,24.95,-0.02,5,12475,卖盘
2607,10:40:22,24.97,0.03,5,12485,买盘
2608,10:40:19,24.94,--,19,47386,卖盘
2609,10:40:16,24.94,-0.04,18,44892,卖盘
2610,10:40:13,24.98,0.04,30,74940,买盘
2611,10:40:07,24.94,-0.04,7,17458,卖盘
2612,10:40:04,24.98,0.04,20,49960,买盘
2613,10:40:01,24.94,-0.04,11,27434,卖盘
2614,10:39:55,24.98,0.04,146,364708,买盘
2615,10:39:52,24.94,-0.04,2,4988,卖盘
2616,10:39:46,24.98,0.04,350,874300,买盘
2617,10:39:40,24.94,-0.04,8,19952,中性盘
2618,10:39:37,24.98,0.05,1010,2522980,买盘
2619,10:39:34,24.93,-0.01,15,37395,卖盘
2620,10:39:28,24.94,--,15,37410,买盘
2621,10:39:22,24.94,--,5,12470,买盘
2622,10:39:19,24.94,--,20,49880,卖盘
2623,10:39:13,24.94,--,2,4988,卖盘
2624,10:39:10,24.94,-0.01,5,12470,中性盘
2625,10:39:07,24.95,0.01,61,152195,买盘
2626,10:39:04,24.94,-0.01,10,24940,卖盘
2627,10:39:01,24.95,0.01,13,32435,买盘
2628,10:38:55,24.94,--,1,2494,卖盘
2629,10:38:49,24.94,-0.01,211,526234,卖盘
2630,10:38:46,24.95,0.01,23,57385,买盘
2631,10:38:40,24.94,-0.01,46,114724,卖盘
2632,10:38:37,24.95,--,27,67365,买盘
2633,10:38:28,24.95,0.01,10,24950,买盘
2634,10:38:25,24.94,--,25,62350,卖盘
2635,10:38:22,24.94,-0.01,10,24940,卖盘
2636,10:38:19,24.95,0.01,36,89820,买盘
2637,10:38:16,24.94,--,7,17458,卖盘
2638,10:38:13,24.94,-0.01,7,17458,卖盘
2639,10:38:10,24.95,--,28,69860,买盘
2640,10:38:04,24.95,--,14,34930,买盘
2641,10:37:52,24.95,--,153,381735,卖盘
2642,10:37:49,24.95,--,5,12475,卖盘
2643,10:37:43,24.95,-0.01,102,254490,卖盘
2644,10:37:40,24.96,0.01,55,137280,买盘
2645,10:37:37,24.95,--,30,74850,卖盘
2646,10:37:34,24.95,-0.01,12,29940,卖盘
2647,10:37:25,24.96,0.01,6,14976,买盘
2648,10:37:22,24.95,--,2,4990,卖盘
2649,10:37:19,24.95,--,19,47405,卖盘
2650,10:37:16,24.95,--,5,12475,卖盘
2651,10:37:13,24.95,--,7,17465,卖盘
2652,10:37:10,24.95,0.02,18,44910,买盘
2653,10:37:04,24.93,-0.03,89,221877,卖盘
2654,10:37:01,24.96,0.02,419,1045824,买盘
2655,10:36:58,24.94,--,4,9976,买盘
2656,10:36:55,24.94,0.01,5,12470,买盘
2657,10:36:52,24.93,-0.01,239,595827,卖盘
2658,10:36:49,24.94,-0.01,20,49880,卖盘
2659,10:36:46,24.95,--,102,254490,买盘
2660,10:36:43,24.95,--,2,4990,买盘
2661,10:36:40,24.95,0.01,8,19960,买盘
2662,10:36:28,24.94,0.01,4,9976,买盘
2663,10:36:25,24.93,--,0,0,卖盘
2664,10:36:22,24.93,-0.01,57,142101,卖盘
2665,10:36:16,24.94,--,10,24940,买盘
2666,10:36:10,24.94,--,7,17458,买盘
2667,10:36:07,24.94,-0.01,134,334196,卖盘
2668,10:36:04,24.95,0.01,27,67365,买盘
2669,10:35:58,24.94,--,14,34916,卖盘
2670,10:35:55,24.94,--,1,2494,卖盘
2671,10:35:52,24.94,-0.01,6,14964,卖盘
2672,10:35:49,24.95,0.01,102,254490,买盘
2673,10:35:46,24.94,--,1,2494,卖盘
2674,10:35:43,24.94,--,19,47386,买盘
2675,10:35:40,24.94,0.01,2,4988,买盘
2676,10:35:37,24.93,--,6,14958,卖盘
2677,10:35:34,24.93,0.03,28,69804,中性盘
2678,10:35:31,24.9,-0.04,103,256469,卖盘
2679,10:35:25,24.94,--,51,127194,买盘
2680,10:35:22,24.94,-0.01,1,2494,中性盘
2681,10:35:19,24.95,--,187,466565,买盘
2682,10:35:13,24.95,--,10,24950,买盘
2683,10:35:10,24.95,--,155,386725,买盘
2684,10:35:07,24.95,--,11,27445,买盘
2685,10:35:01,24.95,-0.01,239,596305,卖盘
2686,10:34:55,24.96,0.01,1,2496,买盘
2687,10:34:49,24.95,--,19,47405,卖盘
2688,10:34:46,24.95,--,1,2495,卖盘
2689,10:34:43,24.95,--,280,698600,卖盘
2690,10:34:40,24.95,--,13,32435,卖盘
2691,10:34:37,24.95,--,134,334330,卖盘
2692,10:34:34,24.95,0.01,594,1482030,买盘
2693,10:34:31,24.94,0.04,102,254388,买盘
2694,10:34:28,24.9,--,0,0,买盘
2695,10:34:25,24.9,0.01,8,19920,中性盘
2696,10:34:22,24.89,-0.03,35,87115,卖盘
2697,10:34:19,24.92,0.02,40,99680,买盘
2698,10:34:16,24.9,--,51,126990,卖盘
2699,10:34:13,24.9,--,30,74700,卖盘
2700,10:34:10,24.9,--,31,77190,卖盘
2701,10:34:07,24.9,-0.01,41,102090,卖盘
2702,10:34:01,24.91,--,50,124550,卖盘
2703,10:33:58,24.91,--,1,2491,卖盘
2704,10:33:55,24.91,--,30,74730,卖盘
2705,10:33:52,24.91,--,3,7473,卖盘
2706,10:33:49,24.91,--,32,79712,买盘
2707,10:33:46,24.91,--,2,4982,卖盘
2708,10:33:43,24.91,--,38,94658,买盘
2709,10:33:40,24.91,-0.01,38,94658,卖盘
2710,10:33:37,24.92,0.01,134,333928,买盘
2711,10:33:34,24.91,0.01,1,2491,买盘
2712,10:33:31,24.9,-0.01,103,256469,卖盘
2713,10:33:28,24.91,--,41,102131,卖盘
2714,10:33:25,24.91,--,30,74730,卖盘
2715,10:33:22,24.91,-0.01,30,74730,卖盘
2716,10:33:19,24.92,--,9,22428,买盘
2717,10:33:13,24.92,-0.01,12,29904,卖盘
2718,10:33:10,24.93,0.01,41,102213,中性盘
2719,10:33:07,24.92,--,1,2492,卖盘
2720,10:33:04,24.92,--,1,2492,卖盘
2721,10:33:01,24.92,-0.02,1,2492,卖盘
2722,10:32:58,24.94,--,27,67338,买盘
2723,10:32:52,24.94,-0.01,20,49880,卖盘
2724,10:32:49,24.95,0.04,1,2495,买盘
2725,10:32:46,24.91,-0.03,30,74730,卖盘
2726,10:32:43,24.94,0.04,30,74820,买盘
2727,10:32:40,24.9,-0.05,13,32369,卖盘
2728,10:32:37,24.95,0.01,150,374250,买盘
2729,10:32:34,24.94,--,23,57362,买盘
2730,10:32:31,24.94,--,15,37410,买盘
2731,10:32:25,24.94,--,3,7482,中性盘
2732,10:32:22,24.94,-0.01,13,32422,卖盘
2733,10:32:19,24.95,0.01,1,2495,买盘
2734,10:32:16,24.94,--,24,59856,卖盘
2735,10:32:13,24.94,0.04,98,244412,买盘
2736,10:32:10,24.9,--,15,37350,卖盘
2737,10:32:07,24.9,--,9,22410,卖盘
2738,10:32:04,24.9,-0.03,30,74700,卖盘
2739,10:32:01,24.93,--,15,37395,卖盘
2740,10:31:58,24.93,0.01,13,32409,买盘
2741,10:31:55,24.92,--,2,4984,卖盘
2742,10:31:52,24.92,-0.02,20,49840,卖盘
2743,10:31:49,24.94,0.02,33,82302,买盘
2744,10:31:46,24.92,--,0,0,卖盘
2745,10:31:43,24.92,--,25,62300,卖盘
2746,10:31:40,24.92,-0.03,35,87220,卖盘
2747,10:31:37,24.95,0.01,168,419160,买盘
2748,10:31:34,24.94,-0.01,31,77314,买盘
2749,10:31:31,24.95,0.03,141,351795,买盘
2750,10:31:28,24.92,--,30,74760,卖盘
2751,10:31:25,24.92,-0.02,30,74760,卖盘
2752,10:31:22,24.94,--,32,79808,买盘
2753,10:31:19,24.94,0.02,28,69832,买盘
2754,10:31:13,24.92,0.02,91,226772,买盘
2755,10:31:10,24.9,--,43,107070,买盘
2756,10:31:07,24.9,--,191,475590,买盘
2757,10:31:04,24.9,-0.02,27,67230,卖盘
2758,10:31:01,24.92,--,32,79744,买盘
2759,10:30:58,24.92,0.02,336,837312,买盘
2760,10:30:55,24.9,--,10,24900,卖盘
2761,10:30:52,24.9,--,8,19920,买盘
2762,10:30:49,24.9,--,19,47310,买盘
2763,10:30:43,24.9,--,9,22410,买盘
2764,10:30:40,24.9,--,2,4980,买盘
2765,10:30:37,24.9,--,0,0,中性盘
2766,10:30:34,24.9,--,2,4980,买盘
2767,10:30:31,24.9,--,22,54780,买盘
2768,10:30:28,24.9,--,40,99600,卖盘
2769,10:30:25,24.9,--,137,341130,卖盘
2770,10:30:22,24.9,--,50,124500,卖盘
2771,10:30:19,24.9,--,40,99600,卖盘
2772,10:30:16,24.9,-0.02,2,4980,中性盘
2773,10:30:13,24.92,--,47,117124,买盘
2774,10:30:10,24.92,--,8,19936,买盘
2775,10:30:07,24.92,0.02,102,254184,买盘
2776,10:30:04,24.9,0.01,6,14940,买盘
2777,10:30:01,24.89,--,1,2489,卖盘
2778,10:29:58,24.89,-0.01,27,67203,卖盘
2779,10:29:55,24.9,0.01,123,306270,买盘
2780,10:29:52,24.89,--,6,14934,买盘
2781,10:29:49,24.89,0.01,20,49780,买盘
2782,10:29:46,24.88,-0.01,40,99520,卖盘
2783,10:29:43,24.89,--,112,278768,买盘
2784,10:29:37,24.89,0.01,10,24890,买盘
2785,10:29:34,24.88,-0.01,5,12440,卖盘
2786,10:29:31,24.89,0.01,20,49780,买盘
2787,10:29:28,24.88,-0.01,10,24880,卖盘
2788,10:29:25,24.89,--,21,52269,买盘
2789,10:29:22,24.89,--,2,4978,买盘
2790,10:29:19,24.89,0.01,17,42313,买盘
2791,10:29:10,24.88,-0.01,5,12440,卖盘
2792,10:29:07,24.89,--,178,443042,买盘
2793,10:29:01,24.89,-0.01,220,547580,卖盘
2794,10:28:58,24.9,--,102,253980,买盘
2795,10:28:55,24.9,--,6,14940,买盘
2796,10:28:52,24.9,--,27,67230,买盘
2797,10:28:49,24.9,--,8,19920,买盘
2798,10:28:46,24.9,--,10,24900,买盘
2799,10:28:40,24.9,--,13,32369,买盘
2800,10:28:36,24.9,--,93,231570,卖盘
2801,10:28:33,24.9,--,5,12450,卖盘
2802,10:28:30,24.9,--,1,2490,卖盘
2803,10:28:24,24.9,--,0,0,中性盘
2804,10:28:21,24.9,-0.02,6,14940,买盘
2805,10:28:18,24.92,0.02,9,22428,买盘
2806,10:28:15,24.9,-0.02,15,37350,卖盘
2807,10:28:12,24.92,0.03,65,161980,买盘
2808,10:28:09,24.89,-0.01,35,87115,卖盘
2809,10:28:03,24.9,--,6,14940,卖盘
2810,10:28:00,24.9,--,137,341130,卖盘
2811,10:27:54,24.9,0.01,110,273900,买盘
2812,10:27:51,24.89,-0.01,8,19912,卖盘
2813,10:27:45,24.9,--,15,37350,买盘
2814,10:27:42,24.9,0.01,5,12450,买盘
2815,10:27:39,24.89,-0.01,3,7467,卖盘
2816,10:27:33,24.9,--,14,34860,买盘
