,time,price,pchange,change,volume,amount,type
0,15:00:00,26.24,0.00,-0.01,0,0,卖盘
1,15:00:00,26.25,+0.04,0.0,12,31500,卖盘
2,14:59:59,26.25,+0.04,0.0,20,52500,卖盘
3,14:59:53,26.25,+0.04,0.0,68,178500,买盘
4,14:59:47,26.25,+0.04,0.01,7,18375,买盘
5,14:59:41,26.24,0.00,-0.01,14,36736,卖盘
6,14:59:38,26.25,+0.04,0.0,9,23625,买盘
7,14:59:35,26.25,+0.04,0.01,8,21000,买盘
8,14:59:32,26.24,0.00,0.01,2,5248,卖盘
9,14:59:29,26.23,-0.04,0.0,0,0,卖盘
10,14:59:26,26.23,-0.04,-0.02,8,20984,卖盘
11,14:59:23,26.25,+0.04,0.02,10,26250,买盘
12,14:59:17,26.23,-0.04,0.0,38,99674,卖盘
13,14:59:14,26.23,-0.04,-0.01,44,115412,卖盘
14,14:59:11,26.24,0.00,0.0,9,23616,卖盘
15,14:59:08,26.24,0.00,0.01,187,490688,买盘
16,14:59:05,26.23,-0.04,0.0,30,78690,卖盘
17,14:59:02,26.23,-0.04,0.0,12,31476,卖盘
18,14:58:59,26.23,-0.04,0.0,5,13115,卖盘
19,14:58:53,26.23,-0.04,0.0,9,23607,买盘
20,14:58:50,26.23,-0.04,0.0,9,23607,买盘
21,14:58:44,26.23,-0.04,-0.01,6,15738,卖盘
22,14:58:41,26.24,0.00,0.01,35,91840,买盘
23,14:58:38,26.23,-0.04,-0.01,1,2623,卖盘
24,14:58:35,26.24,0.00,0.01,2,5248,买盘
25,14:58:29,26.23,-0.04,0.0,10,26230,卖盘
26,14:58:20,26.23,-0.04,0.0,39,102297,卖盘
27,14:58:17,26.23,-0.04,-0.01,9,23607,卖盘
28,14:58:14,26.24,0.00,0.01,13,34112,买盘
29,14:58:11,26.23,-0.04,0.0,1,2623,卖盘
30,14:58:08,26.23,-0.04,-0.01,5,13115,卖盘
31,14:58:05,26.24,0.00,0.01,10,26240,买盘
32,14:57:59,26.23,-0.04,0.0,20,52460,卖盘
33,14:57:53,26.23,-0.04,-0.01,1,2623,卖盘
34,14:57:50,26.24,0.00,0.01,21,55104,买盘
35,14:57:46,26.23,-0.04,0.0,1,2623,卖盘
36,14:57:44,26.23,-0.04,0.0,9,23607,卖盘
37,14:57:34,26.23,-0.04,-0.01,40,104920,卖盘
38,14:57:31,26.24,0.00,0.01,5,13120,买盘
39,14:57:28,26.23,-0.04,-0.01,20,52460,卖盘
40,14:57:16,26.24,0.00,0.0,12,31488,买盘
41,14:57:10,26.24,0.00,0.01,20,52480,买盘
42,14:57:07,26.23,-0.04,-0.01,20,52460,卖盘
43,14:57:04,26.24,0.00,0.0,1,2624,买盘
44,14:57:01,26.24,0.00,0.01,13,34112,买盘
45,14:56:58,26.23,-0.04,-0.01,2,5246,卖盘
46,14:56:52,26.24,0.00,0.01,9,23616,买盘
47,14:56:49,26.23,-0.04,0.0,1,2623,卖盘
48,14:56:46,26.23,-0.04,-0.01,4,10492,卖盘
49,14:56:43,26.24,0.00,0.01,2,5248,买盘
50,14:56:40,26.23,-0.04,-0.01,10,26230,卖盘
51,14:56:31,26.24,0.00,0.01,1,2624,买盘
52,14:56:28,26.23,-0.04,0.0,27,70821,卖盘
53,14:56:25,26.23,-0.04,-0.01,17,44591,卖盘
54,14:56:22,26.24,0.00,0.01,26,68224,买盘
55,14:56:19,26.23,-0.04,0.0,14,36722,卖盘
56,14:56:16,26.23,-0.04,0.0,15,39345,卖盘
57,14:56:13,26.23,-0.04,0.01,43,112789,买盘
58,14:56:10,26.22,-0.08,0.0,2,5244,卖盘
59,14:56:07,26.22,-0.08,0.0,13,34086,卖盘
60,14:56:04,26.22,-0.08,-0.01,39,102258,卖盘
61,14:56:01,26.23,-0.04,0.0,1,2623,买盘
62,14:55:58,26.23,-0.04,-0.01,3,7869,中性盘
63,14:55:55,26.24,0.00,0.02,5,13120,买盘
64,14:55:52,26.22,-0.08,0.0,36,94392,卖盘
65,14:55:49,26.22,-0.08,0.0,6,15732,卖盘
66,14:55:46,26.22,-0.08,-0.01,88,230736,卖盘
67,14:55:40,26.23,-0.04,0.0,13,34099,卖盘
68,14:55:37,26.23,-0.04,0.0,24,62952,卖盘
69,14:55:34,26.23,-0.04,0.01,8,20984,买盘
70,14:55:31,26.22,-0.08,-0.02,15,39330,卖盘
71,14:55:28,26.24,0.00,0.0,0,0,买盘
72,14:55:22,26.24,0.00,0.01,16,41984,买盘
73,14:55:19,26.23,-0.04,0.01,9,23607,卖盘
74,14:55:16,26.22,-0.08,0.0,15,39330,卖盘
75,14:55:13,26.22,-0.08,0.0,0,0,卖盘
76,14:55:10,26.22,-0.08,-0.03,12,31464,卖盘
77,14:55:01,26.25,+0.04,0.0,26,68250,买盘
78,14:54:52,26.25,+0.04,0.0,0,0,中性盘
79,14:54:49,26.25,+0.04,0.0,809,2123861,买盘
80,14:54:46,26.25,+0.04,0.01,1,2625,买盘
81,14:54:43,26.24,0.00,-0.01,1,2624,卖盘
82,14:54:40,26.25,+0.04,-0.02,1,2625,卖盘
83,14:54:37,26.27,+0.11,0.02,2,5254,买盘
84,14:54:34,26.25,+0.04,0.0,4,10500,卖盘
85,14:54:31,26.25,+0.04,0.0,6,15750,中性盘
86,14:54:31,26.25,+0.04,-0.02,6,15750,卖盘
87,14:54:22,26.27,+0.11,0.01,6,15762,买盘
88,14:54:19,26.26,+0.08,-0.01,16,42016,卖盘
89,14:54:13,26.27,+0.11,0.01,2,5254,买盘
90,14:54:07,26.26,+0.08,-0.01,14,36764,卖盘
91,14:54:04,26.27,+0.11,0.0,0,0,买盘
92,14:54:01,26.27,+0.11,0.02,6,15762,买盘
93,14:53:58,26.25,+0.04,-0.02,55,144375,卖盘
94,14:53:55,26.27,+0.11,0.0,13,34151,买盘
95,14:53:49,26.27,+0.11,0.01,3,7881,买盘
96,14:53:46,26.26,+0.08,-0.01,17,44642,卖盘
97,14:53:43,26.27,+0.11,0.01,2,5254,买盘
98,14:53:34,26.26,+0.08,0.0,10,26260,卖盘
99,14:53:25,26.26,+0.08,0.0,38,99788,买盘
100,14:53:22,26.26,+0.08,0.01,4,10504,买盘
101,14:53:19,26.25,+0.04,-0.01,1,2625,卖盘
102,14:53:16,26.26,+0.08,0.01,3,7878,买盘
103,14:53:13,26.25,+0.04,-0.01,10,26250,卖盘
104,14:53:07,26.26,+0.08,0.01,6,15756,买盘
105,14:53:04,26.25,+0.04,0.0,11,28875,卖盘
106,14:53:01,26.25,+0.04,0.01,20,52500,卖盘
107,14:52:58,26.24,0.00,0.0,0,0,卖盘
108,14:52:55,26.24,0.00,0.0,50,131200,卖盘
109,14:52:52,26.24,0.00,0.0,5,13120,卖盘
110,14:52:49,26.24,0.00,-0.02,9,23616,卖盘
111,14:52:46,26.26,+0.08,0.0,7,18382,买盘
112,14:52:43,26.26,+0.08,0.01,12,31512,买盘
113,14:52:40,26.25,+0.04,0.01,3,7875,卖盘
114,14:52:37,26.24,0.00,0.0,0,0,卖盘
115,14:52:34,26.24,0.00,0.0,9,23616,卖盘
116,14:52:25,26.24,0.00,0.0,0,0,卖盘
117,14:52:22,26.24,0.00,0.0,11,28864,卖盘
118,14:52:16,26.24,0.00,-0.01,10,26240,卖盘
119,14:52:13,26.25,+0.04,-0.01,14,36750,中性盘
120,14:52:10,26.26,+0.08,0.0,2,5252,买盘
121,14:52:07,26.26,+0.08,0.02,1,2626,买盘
122,14:52:01,26.24,0.00,0.0,21,55104,卖盘
123,14:51:55,26.24,0.00,0.0,10,26240,卖盘
124,14:51:49,26.24,0.00,0.0,2,5248,卖盘
125,14:51:46,26.24,0.00,0.0,0,0,卖盘
126,14:51:43,26.24,0.00,-0.02,14,36736,卖盘
127,14:51:40,26.26,+0.08,0.02,1,2626,买盘
128,14:51:37,26.24,0.00,0.0,10,26240,卖盘
129,14:51:31,26.24,0.00,0.0,11,28864,卖盘
130,14:51:19,26.24,0.00,0.0,20,52480,买盘
131,14:51:16,26.24,0.00,0.0,10,26240,买盘
132,14:51:10,26.24,0.00,0.0,44,115456,卖盘
133,14:51:07,26.24,0.00,0.0,12,31488,卖盘
134,14:51:01,26.24,0.00,0.0,16,41984,卖盘
135,14:50:58,26.24,0.00,-0.02,11,28864,卖盘
136,14:50:55,26.26,+0.08,0.01,51,133926,买盘
137,14:50:52,26.25,+0.04,0.01,10,26250,买盘
138,14:50:49,26.24,0.00,0.01,18,47232,卖盘
139,14:50:43,26.23,-0.04,0.0,6,15738,卖盘
140,14:50:40,26.23,-0.04,-0.01,21,55083,卖盘
141,14:50:28,26.24,0.00,0.0,28,73472,卖盘
142,14:50:25,26.24,0.00,0.0,11,28864,卖盘
143,14:50:19,26.24,0.00,0.0,10,26240,卖盘
144,14:50:16,26.24,0.00,-0.02,2,5248,卖盘
145,14:50:10,26.26,+0.08,0.02,10,26260,买盘
146,14:50:06,26.24,0.00,-0.02,17,44608,卖盘
147,14:50:04,26.26,+0.08,0.03,11,28886,买盘
148,14:50:01,26.23,-0.04,0.0,0,0,卖盘
149,14:49:58,26.23,-0.04,0.0,1,2623,卖盘
150,14:49:55,26.23,-0.04,0.0,10,26230,卖盘
151,14:49:49,26.23,-0.04,0.0,3,8840,卖盘
152,14:49:46,26.23,-0.04,0.0,3,7974,卖盘
153,14:49:42,26.23,-0.04,-0.01,11,28853,卖盘
154,14:49:39,26.24,0.00,-0.02,3,7872,中性盘
155,14:49:33,26.26,+0.08,0.03,10,26260,买盘
156,14:49:30,26.23,-0.04,-0.01,11,28853,卖盘
157,14:49:28,26.24,0.00,0.0,9,23616,卖盘
158,14:49:22,26.24,0.00,0.01,11,28864,卖盘
159,14:49:19,26.23,-0.04,0.0,0,0,卖盘
160,14:49:15,26.23,-0.04,0.0,14,36722,卖盘
161,14:49:12,26.23,-0.04,-0.03,13,36092,卖盘
162,14:49:09,26.26,+0.08,0.03,1,2626,买盘
163,14:49:03,26.23,-0.04,0.0,0,0,中性盘
164,14:49:03,26.23,-0.04,0.0,0,0,卖盘
165,14:49:00,26.23,-0.04,-0.03,11,28853,卖盘
166,14:48:51,26.26,+0.08,0.03,2,5252,买盘
167,14:48:48,26.23,-0.04,-0.03,11,28853,卖盘
168,14:48:45,26.26,+0.08,0.0,5,13130,买盘
169,14:48:42,26.26,+0.08,0.03,10,26260,买盘
170,14:48:36,26.23,-0.04,-0.03,10,26230,卖盘
171,14:48:33,26.26,+0.08,-0.01,26,68276,买盘
172,14:48:30,26.27,+0.11,0.0,0,0,买盘
173,14:48:27,26.27,+0.11,0.04,2,5254,买盘
174,14:48:21,26.23,-0.04,-0.03,20,52460,卖盘
175,14:48:15,26.26,+0.08,0.03,5,13130,卖盘
176,14:48:12,26.23,-0.04,-0.04,16,41968,卖盘
177,14:48:09,26.27,+0.11,0.03,59,154993,买盘
178,14:48:06,26.24,0.00,0.0,20,52480,买盘
179,14:48:03,26.24,0.00,0.01,2,5248,卖盘
180,14:48:00,26.23,-0.04,0.0,23,60329,卖盘
181,14:47:57,26.23,-0.04,-0.01,93,243939,卖盘
182,14:47:48,26.24,0.00,0.0,2,5248,买盘
183,14:47:45,26.24,0.00,-0.02,255,669120,卖盘
184,14:47:36,26.26,+0.08,0.0,7,18382,卖盘
185,14:47:33,26.26,+0.08,0.0,67,175942,卖盘
186,14:47:21,26.26,+0.08,-0.01,10,26260,卖盘
187,14:47:15,26.27,+0.11,0.01,6,15762,买盘
188,14:47:12,26.26,+0.08,-0.01,11,28886,卖盘
189,14:47:09,26.27,+0.11,0.0,1,2627,买盘
190,14:47:03,26.27,+0.11,0.01,30,78810,买盘
191,14:47:00,26.26,+0.08,-0.01,11,28886,卖盘
192,14:46:54,26.27,+0.11,0.01,1,2627,买盘
193,14:46:48,26.26,+0.08,-0.01,11,28886,卖盘
194,14:46:45,26.27,+0.11,0.01,1,2627,买盘
195,14:46:39,26.26,+0.08,0.0,20,52520,卖盘
196,14:46:36,26.26,+0.08,0.0,11,28886,卖盘
197,14:46:33,26.26,+0.08,0.0,3,7878,卖盘
198,14:46:30,26.26,+0.08,-0.01,16,42016,卖盘
199,14:46:21,26.27,+0.11,0.01,2,5254,买盘
200,14:46:18,26.26,+0.08,-0.01,20,52520,卖盘
201,14:46:12,26.27,+0.11,0.0,1,2627,买盘
202,14:46:09,26.27,+0.11,0.01,14,36778,买盘
203,14:46:06,26.26,+0.08,0.0,10,26260,卖盘
204,14:45:57,26.26,+0.08,-0.01,12,31512,卖盘
205,14:45:54,26.27,+0.11,0.01,3,7881,买盘
206,14:45:45,26.26,+0.08,0.0,11,28886,卖盘
207,14:45:42,26.26,+0.08,0.0,13,34138,卖盘
208,14:45:39,26.26,+0.08,0.02,22,57772,买盘
209,14:45:36,26.24,0.00,-0.01,15,39360,卖盘
210,14:45:33,26.25,+0.04,-0.01,11,28875,卖盘
211,14:45:30,26.26,+0.08,0.01,3,7878,买盘
212,14:45:24,26.25,+0.04,-0.01,12,31500,卖盘
213,14:45:21,26.26,+0.08,0.01,1,2626,买盘
214,14:45:12,26.25,+0.04,-0.01,11,28875,卖盘
215,14:45:09,26.26,+0.08,0.01,3,7878,买盘
216,14:45:06,26.25,+0.04,0.0,2,5250,卖盘
217,14:45:03,26.25,+0.04,0.0,23,60375,卖盘
218,14:45:00,26.25,+0.04,-0.01,10,26250,卖盘
219,14:44:51,26.26,+0.08,-0.01,2,5252,卖盘
220,14:44:48,26.27,+0.11,0.0,19,49913,卖盘
221,14:44:45,26.27,+0.11,0.0,16,42032,买盘
222,14:44:42,26.27,+0.11,0.02,1,2627,买盘
223,14:44:36,26.25,+0.04,0.0,0,0,卖盘
224,14:44:30,26.25,+0.04,-0.03,102,267750,卖盘
225,14:44:27,26.28,+0.15,0.0,16,42048,卖盘
226,14:44:21,26.28,+0.15,0.02,12,31536,买盘
227,14:44:14,26.26,+0.08,-0.02,18,47268,卖盘
228,14:44:08,26.28,+0.15,0.02,1,2628,买盘
229,14:44:05,26.26,+0.08,-0.02,4,10504,卖盘
230,14:43:59,26.28,+0.15,0.0,2,5256,买盘
231,14:43:56,26.28,+0.15,0.0,0,0,中性盘
232,14:43:53,26.28,+0.15,-0.01,1,2628,卖盘
233,14:43:50,26.29,+0.19,0.0,24,63096,买盘
234,14:43:47,26.29,+0.19,0.01,1,2629,买盘
235,14:43:38,26.28,+0.15,0.0,1,2628,中性盘
236,14:43:38,26.28,+0.15,-0.01,1,2628,卖盘
237,14:43:26,26.29,+0.19,0.0,1,2629,买盘
238,14:43:11,26.29,+0.19,0.0,33,86757,卖盘
239,14:42:59,26.29,+0.19,0.01,39,102531,买盘
240,14:42:50,26.28,+0.15,-0.01,102,268056,卖盘
241,14:42:44,26.29,+0.19,-0.01,68,178772,卖盘
242,14:42:41,26.3,+0.23,0.01,3,7890,买盘
243,14:42:38,26.29,+0.19,-0.01,4,10516,卖盘
244,14:42:35,26.3,+0.23,0.01,2,5260,买盘
245,14:42:32,26.29,+0.19,0.0,1,2629,卖盘
246,14:42:29,26.29,+0.19,0.0,2,5258,卖盘
247,14:42:26,26.29,+0.19,0.0,24,63096,买盘
248,14:42:23,26.29,+0.19,0.0,6,15774,买盘
249,14:42:20,26.29,+0.19,0.01,1,2629,买盘
250,14:42:14,26.28,+0.15,0.0,2,5256,卖盘
251,14:42:11,26.28,+0.15,0.0,51,134028,卖盘
252,14:42:08,26.28,+0.15,0.0,2,5256,卖盘
253,14:42:05,26.28,+0.15,0.02,131,344268,买盘
254,14:41:59,26.26,+0.08,0.0,28,73528,卖盘
255,14:41:53,26.26,+0.08,-0.02,13,34138,卖盘
256,14:41:50,26.28,+0.15,0.02,24,63072,买盘
257,14:41:47,26.26,+0.08,-0.02,10,26260,卖盘
258,14:41:44,26.28,+0.15,0.0,11,28908,买盘
259,14:41:29,26.28,+0.15,0.02,1,2628,买盘
260,14:41:23,26.26,+0.08,0.0,10,26260,卖盘
261,14:41:17,26.26,+0.08,0.0,1,2626,卖盘
262,14:41:14,26.26,+0.08,0.0,8,21008,买盘
263,14:41:08,26.26,+0.08,0.01,6,15756,买盘
264,14:41:05,26.25,+0.04,-0.01,22,57750,卖盘
265,14:40:59,26.26,+0.08,-0.02,6,15756,卖盘
266,14:40:56,26.28,+0.15,-0.01,4,10512,买盘
267,14:40:47,26.29,+0.19,0.0,0,0,买盘
268,14:40:41,26.29,+0.19,0.03,2,5258,买盘
269,14:40:38,26.26,+0.08,-0.03,110,288860,卖盘
270,14:40:35,26.29,+0.19,0.0,1,2629,买盘
271,14:40:32,26.29,+0.19,-0.01,1,2629,卖盘
272,14:40:29,26.3,+0.23,0.0,15,39450,买盘
273,14:40:26,26.3,+0.23,0.0,4,10520,买盘
274,14:40:23,26.3,+0.23,0.0,0,0,买盘
275,14:40:08,26.3,+0.23,0.01,30,78900,买盘
276,14:40:05,26.29,+0.19,0.01,2,5258,买盘
277,14:40:02,26.28,+0.15,-0.02,20,52560,卖盘
278,14:39:56,26.3,+0.23,0.0,3,7890,买盘
279,14:39:53,26.3,+0.23,-0.02,52,136760,卖盘
280,14:39:47,26.32,+0.30,0.01,1,2632,买盘
281,14:39:41,26.31,+0.27,0.0,8,21048,卖盘
282,14:39:38,26.31,+0.27,0.0,2,5262,卖盘
283,14:39:35,26.31,+0.27,0.0,2,5262,卖盘
284,14:39:29,26.31,+0.27,0.0,19,49989,买盘
285,14:39:26,26.31,+0.27,0.0,4,10524,买盘
286,14:39:14,26.31,+0.27,0.0,2,5262,买盘
287,14:39:11,26.31,+0.27,0.0,1,2631,买盘
288,14:39:08,26.31,+0.27,0.0,6,15786,买盘
289,14:39:02,26.31,+0.27,-0.01,1,2631,卖盘
290,14:38:59,26.32,+0.30,0.01,1,2632,买盘
291,14:38:56,26.31,+0.27,-0.01,9,23679,中性盘
292,14:38:53,26.32,+0.30,0.0,6,15792,买盘
293,14:38:50,26.32,+0.30,0.02,1,2632,买盘
294,14:38:47,26.3,+0.23,-0.02,22,57860,卖盘
295,14:38:41,26.32,+0.30,0.02,27,71064,买盘
296,14:38:35,26.3,+0.23,0.0,1,2630,卖盘
297,14:38:32,26.3,+0.23,0.0,10,26300,卖盘
298,14:38:26,26.3,+0.23,-0.02,5,13150,卖盘
299,14:38:23,26.32,+0.30,0.01,14,36848,买盘
300,14:38:20,26.31,+0.27,0.01,58,152598,买盘
301,14:38:17,26.3,+0.23,-0.01,10,26300,卖盘
302,14:38:11,26.31,+0.27,-0.01,1,2631,中性盘
303,14:38:11,26.31,+0.27,0.0,1,2631,买盘
304,14:38:08,26.31,+0.27,0.0,6,15786,买盘
305,14:37:59,26.31,+0.27,0.0,2,5262,买盘
306,14:37:56,26.31,+0.27,0.0,4,10524,买盘
307,14:37:53,26.31,+0.27,0.0,4,10524,买盘
308,14:37:47,26.31,+0.27,0.0,3,7893,买盘
309,14:37:44,26.31,+0.27,0.01,35,92085,买盘
310,14:37:35,26.3,+0.23,0.01,8,21040,买盘
311,14:37:29,26.29,+0.19,-0.01,10,26290,卖盘
312,14:37:22,26.3,+0.23,0.01,17,44710,买盘
313,14:37:19,26.29,+0.19,-0.01,1,2629,卖盘
314,14:37:10,26.3,+0.23,0.0,7,18410,卖盘
315,14:37:07,26.3,+0.23,0.0,31,81530,买盘
316,14:36:52,26.3,+0.23,0.0,7,18410,买盘
317,14:36:43,26.3,+0.23,0.01,2,5260,买盘
318,14:36:40,26.29,+0.19,0.0,19,49951,买盘
319,14:36:34,26.29,+0.19,0.0,1,2629,买盘
320,14:36:22,26.29,+0.19,0.0,4,10516,买盘
321,14:36:19,26.29,+0.19,0.0,2,5258,买盘
322,14:36:16,26.29,+0.19,0.0,11,28919,卖盘
323,14:36:01,26.29,+0.19,0.0,21,55209,卖盘
324,14:35:58,26.29,+0.19,0.0,13,34177,买盘
325,14:35:55,26.29,+0.19,0.0,2,5258,买盘
326,14:35:52,26.29,+0.19,0.0,4,10516,买盘
327,14:35:49,26.29,+0.19,0.0,3,7887,买盘
328,14:35:46,26.29,+0.19,0.0,1,2629,买盘
329,14:35:43,26.29,+0.19,0.0,15,39435,买盘
330,14:35:22,26.29,+0.19,-0.01,9,23661,卖盘
331,14:35:19,26.3,+0.23,0.0,4,10520,买盘
332,14:35:16,26.3,+0.23,0.0,8,21040,买盘
333,14:35:07,26.3,+0.23,0.0,6,15780,买盘
334,14:35:04,26.3,+0.23,0.0,2,5260,买盘
335,14:34:58,26.3,+0.23,0.0,0,0,买盘
336,14:34:52,26.3,+0.23,0.0,3,7890,买盘
337,14:34:49,26.3,+0.23,0.0,4,10520,买盘
338,14:34:46,26.3,+0.23,0.0,4,10520,买盘
339,14:34:40,26.3,+0.23,0.0,4,10520,买盘
340,14:34:34,26.3,+0.23,0.01,2,5260,买盘
341,14:34:31,26.29,+0.19,-0.01,1,2629,卖盘
342,14:34:22,26.3,+0.23,0.0,2,5260,买盘
343,14:34:19,26.3,+0.23,0.02,3,7890,买盘
344,14:34:13,26.28,+0.15,0.0,8,21024,买盘
345,14:34:10,26.28,+0.15,0.0,0,0,买盘
346,14:34:07,26.28,+0.15,0.0,6,15768,买盘
347,14:34:04,26.28,+0.15,0.0,7,18396,买盘
348,14:33:52,26.28,+0.15,0.0,4,10512,买盘
349,14:33:49,26.28,+0.15,-0.06,5,13140,买盘
350,14:33:43,26.34,+0.38,0.0,0,0,买盘
351,14:33:40,26.34,+0.38,0.08,1000,2634000,买盘
352,14:33:34,26.26,+0.08,0.0,1,2626,卖盘
353,14:33:28,26.26,+0.08,-0.02,9,23634,卖盘
354,14:33:25,26.28,+0.15,0.0,5,13140,买盘
355,14:33:22,26.28,+0.15,0.0,6,15768,买盘
356,14:33:19,26.28,+0.15,0.0,4,10512,买盘
357,14:33:07,26.28,+0.15,0.0,1,2628,买盘
358,14:33:00,26.28,+0.15,0.0,2,5256,买盘
359,14:32:58,26.28,+0.15,0.0,1,2628,买盘
360,14:32:52,26.28,+0.15,0.03,13,34164,买盘
361,14:32:49,26.25,+0.04,-0.03,12,31500,卖盘
362,14:32:37,26.28,+0.15,-0.03,25,65700,中性盘
363,14:32:37,26.28,+0.15,-0.02,25,65700,卖盘
364,14:32:34,26.3,+0.23,0.02,28,73640,买盘
365,14:32:31,26.28,+0.15,0.0,1,2628,卖盘
366,14:32:28,26.28,+0.15,0.0,52,136656,买盘
367,14:32:25,26.28,+0.15,0.03,2,5256,买盘
368,14:32:22,26.25,+0.04,-0.03,8,21000,卖盘
369,14:32:19,26.28,+0.15,0.01,9,23652,买盘
370,14:32:13,26.27,+0.11,0.02,5,13135,卖盘
371,14:32:10,26.25,+0.04,-0.04,167,438375,卖盘
372,14:32:07,26.29,+0.19,0.03,1,2629,买盘
373,14:32:04,26.26,+0.08,0.0,27,70902,卖盘
374,14:32:01,26.26,+0.08,0.0,24,63024,卖盘
375,14:31:58,26.26,+0.08,-0.01,26,68276,卖盘
376,14:31:55,26.27,+0.11,-0.02,5,13135,卖盘
377,14:31:49,26.29,+0.19,0.02,3,7887,中性盘
378,14:31:46,26.27,+0.11,-0.02,42,110334,卖盘
379,14:31:43,26.29,+0.19,0.0,5,13145,买盘
380,14:31:40,26.29,+0.19,0.03,7,18403,买盘
381,14:31:34,26.26,+0.08,0.0,0,0,卖盘
382,14:31:25,26.26,+0.08,-0.03,2,5252,卖盘
383,14:31:22,26.29,+0.19,0.0,3,7887,买盘
384,14:31:18,26.29,+0.19,0.0,2,5258,买盘
385,14:31:16,26.29,+0.19,0.03,6,15774,买盘
386,14:31:10,26.26,+0.08,-0.01,16,42016,卖盘
387,14:31:07,26.27,+0.11,-0.02,8,21016,中性盘
388,14:31:04,26.29,+0.19,0.02,1,2629,买盘
389,14:31:01,26.27,+0.11,-0.02,1,2627,卖盘
390,14:30:58,26.29,+0.19,0.0,0,0,买盘
391,14:30:55,26.29,+0.19,0.03,2,5258,买盘
392,14:30:52,26.26,+0.08,0.0,8,21008,卖盘
393,14:30:49,26.26,+0.08,-0.03,3,7878,卖盘
394,14:30:46,26.29,+0.19,0.0,4,10516,买盘
395,14:30:43,26.29,+0.19,0.03,41,107789,买盘
396,14:30:28,26.26,+0.08,0.0,14,36764,卖盘
397,14:30:25,26.26,+0.08,-0.03,27,70902,卖盘
398,14:30:22,26.29,+0.19,0.0,2,5258,买盘
399,14:30:19,26.29,+0.19,0.0,1,2629,买盘
400,14:30:16,26.29,+0.19,0.02,3,7887,买盘
401,14:30:10,26.27,+0.11,0.01,1,2627,中性盘
402,14:30:07,26.26,+0.08,-0.03,8,21008,卖盘
403,14:30:04,26.29,+0.19,0.01,3,7887,买盘
404,14:29:51,26.28,+0.15,0.02,3,7884,买盘
405,14:29:49,26.26,+0.08,0.0,0,0,卖盘
406,14:29:46,26.26,+0.08,-0.03,2,5252,卖盘
407,14:29:43,26.29,+0.19,0.03,2,5258,买盘
408,14:29:37,26.26,+0.08,0.0,6,15756,卖盘
409,14:29:28,26.26,+0.08,-0.02,8,21008,卖盘
410,14:29:22,26.28,+0.15,-0.01,5,13140,卖盘
411,14:29:13,26.29,+0.19,0.01,1,2629,买盘
412,14:29:09,26.28,+0.15,0.0,3,7884,卖盘
413,14:29:06,26.28,+0.15,-0.01,2,5256,中性盘
414,14:29:04,26.29,+0.19,0.01,6,15774,买盘
415,14:29:01,26.28,+0.15,0.0,30,78840,卖盘
416,14:28:58,26.28,+0.15,0.0,5,13140,买盘
417,14:28:52,26.28,+0.15,-0.01,2,5256,卖盘
418,14:28:49,26.29,+0.19,0.0,2,5258,买盘
419,14:28:34,26.29,+0.19,0.0,4,10516,买盘
420,14:28:30,26.29,+0.19,0.0,13,34177,买盘
421,14:28:24,26.29,+0.19,0.02,1,2629,买盘
422,14:28:21,26.27,+0.11,-0.02,13,34151,卖盘
423,14:28:06,26.29,+0.19,0.0,1,2629,买盘
424,14:28:03,26.29,+0.19,0.02,4,10516,买盘
425,14:28:00,26.27,+0.11,-0.02,3,7881,卖盘
426,14:27:45,26.29,+0.19,0.0,8,21032,买盘
427,14:27:36,26.29,+0.19,0.01,11,28919,买盘
428,14:27:33,26.28,+0.15,-0.01,5,13140,卖盘
429,14:27:27,26.29,+0.19,0.0,3,7887,买盘
430,14:27:24,26.29,+0.19,0.0,3,7887,买盘
431,14:27:18,26.29,+0.19,0.0,0,0,中性盘
432,14:27:18,26.29,+0.19,0.0,0,0,买盘
433,14:27:15,26.29,+0.19,0.02,37,97273,买盘
434,14:27:09,26.27,+0.11,-0.02,20,52540,卖盘
435,14:27:06,26.29,+0.19,0.0,4,10516,买盘
436,14:27:03,26.29,+0.19,0.01,6,15774,买盘
437,14:27:00,26.28,+0.15,0.0,1,2628,买盘
438,14:26:57,26.28,+0.15,0.0,6,15768,买盘
439,14:26:54,26.28,+0.15,0.0,4,10512,买盘
440,14:26:48,26.28,+0.15,0.0,23,60444,买盘
441,14:26:45,26.28,+0.15,0.0,2,5256,买盘
442,14:26:39,26.28,+0.15,0.0,1,2628,买盘
443,14:26:36,26.28,+0.15,0.0,8,21024,买盘
444,14:26:33,26.28,+0.15,0.0,2,5256,买盘
445,14:26:24,26.28,+0.15,0.0,6,15768,买盘
446,14:26:21,26.28,+0.15,0.0,2,5256,买盘
447,14:26:12,26.28,+0.15,0.0,3,7884,买盘
448,14:26:09,26.28,+0.15,0.0,11,28908,买盘
449,14:26:03,26.28,+0.15,0.0,3,7884,买盘
450,14:25:57,26.28,+0.15,0.0,3,7884,买盘
451,14:25:54,26.28,+0.15,0.02,3,7884,买盘
452,14:25:45,26.26,+0.08,0.0,0,0,卖盘
453,14:25:42,26.26,+0.08,-0.03,5,13130,卖盘
454,14:25:36,26.29,+0.19,0.03,13,34177,买盘
455,14:25:33,26.26,+0.08,0.0,1,2626,卖盘
456,14:25:30,26.26,+0.08,0.0,5,13130,买盘
457,14:25:24,26.26,+0.08,0.0,4,10504,买盘
458,14:25:18,26.26,+0.08,0.01,2,5252,买盘
459,14:25:12,26.25,+0.04,-0.01,1,2625,卖盘
460,14:25:09,26.26,+0.08,0.0,7,18382,买盘
461,14:25:06,26.26,+0.08,0.0,3,7878,买盘
462,14:25:03,26.26,+0.08,0.0,4,10504,买盘
463,14:24:51,26.26,+0.08,0.01,5,13130,买盘
464,14:24:45,26.25,+0.04,-0.01,3,7875,卖盘
465,14:24:42,26.26,+0.08,0.01,24,63024,买盘
466,14:24:36,26.25,+0.04,-0.01,4,10500,卖盘
467,14:24:33,26.26,+0.08,0.01,3,7878,买盘
468,14:24:24,26.25,+0.04,-0.01,1,2625,卖盘
469,14:24:21,26.26,+0.08,0.0,2,5252,买盘
470,14:24:15,26.26,+0.08,0.01,4,10504,买盘
471,14:24:12,26.25,+0.04,-0.01,24,63000,卖盘
472,14:24:06,26.26,+0.08,0.01,9,23634,买盘
473,14:24:03,26.25,+0.04,0.0,4,10500,买盘
474,14:23:54,26.25,+0.04,0.0,7,18375,买盘
475,14:23:51,26.25,+0.04,0.0,1,2625,买盘
476,14:23:48,26.25,+0.04,0.0,2,5250,卖盘
477,14:23:45,26.25,+0.04,0.0,35,91875,买盘
478,14:23:39,26.25,+0.04,0.0,5,13125,买盘
479,14:23:33,26.25,+0.04,0.0,9,23625,买盘
480,14:23:30,26.25,+0.04,0.0,2,5250,买盘
481,14:23:27,26.25,+0.04,-0.01,64,168000,卖盘
482,14:23:09,26.26,+0.08,0.0,1,2626,买盘
483,14:23:03,26.26,+0.08,0.0,4,10504,买盘
484,14:23:00,26.26,+0.08,0.01,2,5252,买盘
485,14:22:57,26.25,+0.04,0.0,2,5250,卖盘
486,14:22:54,26.25,+0.04,-0.01,4,10500,卖盘
487,14:22:50,26.26,+0.08,0.0,6,15756,买盘
488,14:22:41,26.26,+0.08,0.0,1,2626,买盘
489,14:22:38,26.26,+0.08,0.0,2,5252,买盘
490,14:22:35,26.26,+0.08,-0.01,11,28886,卖盘
491,14:22:32,26.27,+0.11,0.01,4,10508,买盘
492,14:22:26,26.26,+0.08,-0.03,3,7878,卖盘
493,14:22:20,26.29,+0.19,0.03,504,1325016,买盘
494,14:22:14,26.26,+0.08,-0.01,3,7878,卖盘
495,14:22:11,26.27,+0.11,0.0,1,2627,买盘
496,14:22:08,26.27,+0.11,0.0,1,2627,买盘
497,14:22:02,26.27,+0.11,-0.01,6,15762,中性盘
498,14:21:59,26.28,+0.15,0.01,41,107748,买盘
499,14:21:56,26.27,+0.11,-0.01,10,26270,卖盘
500,14:21:50,26.28,+0.15,-0.01,6,15768,中性盘
501,14:21:50,26.28,+0.15,0.0,6,15768,买盘
502,14:21:44,26.28,+0.15,0.01,4,10512,买盘
503,14:21:41,26.27,+0.11,-0.01,3,7881,卖盘
504,14:21:32,26.28,+0.15,0.01,4,10512,买盘
505,14:21:29,26.27,+0.11,-0.01,3,7881,卖盘
506,14:21:23,26.28,+0.15,-0.01,61,160308,卖盘
507,14:21:20,26.29,+0.19,0.0,1,2629,买盘
508,14:21:17,26.29,+0.19,0.01,2,5258,买盘
509,14:21:14,26.28,+0.15,0.0,1,2628,卖盘
510,14:21:08,26.28,+0.15,0.03,58,152424,买盘
511,14:21:02,26.25,+0.04,-0.03,27,70875,卖盘
512,14:20:59,26.28,+0.15,0.0,4,10512,买盘
513,14:20:56,26.28,+0.15,0.0,3,7884,买盘
514,14:20:38,26.28,+0.15,-0.01,9,23652,卖盘
515,14:20:35,26.29,+0.19,0.01,3,7887,买盘
516,14:20:32,26.28,+0.15,-0.01,1,2628,卖盘
517,14:20:29,26.29,+0.19,0.0,8,21032,买盘
518,14:20:23,26.29,+0.19,0.0,1,2629,买盘
519,14:20:17,26.29,+0.19,0.05,2,5258,买盘
520,14:20:14,26.24,0.00,-0.04,316,829184,卖盘
521,14:20:08,26.28,+0.15,0.01,1,2628,买盘
522,14:20:05,26.27,+0.11,0.01,2,5254,中性盘
523,14:20:02,26.26,+0.08,0.0,0,0,卖盘
524,14:19:59,26.26,+0.08,-0.01,13,34138,卖盘
525,14:19:56,26.27,+0.11,-0.02,20,52540,卖盘
526,14:19:53,26.29,+0.19,0.0,6,15774,买盘
527,14:19:50,26.29,+0.19,0.0,2,5258,买盘
528,14:19:47,26.29,+0.19,0.0,1,2629,买盘
529,14:19:44,26.29,+0.19,0.0,0,0,买盘
530,14:19:41,26.29,+0.19,0.01,2,5258,买盘
531,14:19:38,26.28,+0.15,-0.01,1,2628,卖盘
532,14:19:35,26.29,+0.19,0.0,2,5258,买盘
533,14:19:32,26.29,+0.19,0.0,4,10516,买盘
534,14:19:20,26.29,+0.19,0.0,1,2629,买盘
535,14:19:17,26.29,+0.19,0.0,5,13145,买盘
536,14:19:14,26.29,+0.19,0.0,3,7887,买盘
537,14:19:11,26.29,+0.19,0.0,0,0,买盘
538,14:19:08,26.29,+0.19,0.0,4,10516,买盘
539,14:18:59,26.29,+0.19,0.03,3,7887,买盘
540,14:18:53,26.26,+0.08,-0.03,34,89284,卖盘
541,14:18:50,26.29,+0.19,0.0,5,13145,卖盘
542,14:18:47,26.29,+0.19,0.0,4,10516,卖盘
543,14:18:32,26.29,+0.19,0.0,9,23661,卖盘
544,14:18:29,26.29,+0.19,0.01,20,52580,买盘
545,14:18:26,26.28,+0.15,-0.01,15,39420,卖盘
546,14:18:20,26.29,+0.19,0.0,4,10516,买盘
547,14:18:14,26.29,+0.19,0.0,0,0,中性盘
548,14:18:11,26.29,+0.19,0.0,0,0,中性盘
549,14:18:08,26.29,+0.19,-0.01,1,2629,买盘
550,14:18:02,26.3,+0.23,0.0,1,2630,买盘
551,14:17:56,26.3,+0.23,0.02,14,36820,买盘
552,14:17:50,26.28,+0.15,-0.02,10,26280,卖盘
553,14:17:47,26.3,+0.23,0.02,2,5260,买盘
554,14:17:44,26.28,+0.15,0.0,2,5256,买盘
555,14:17:41,26.28,+0.15,-0.02,8,21024,卖盘
556,14:17:35,26.3,+0.23,0.02,1,2630,买盘
557,14:17:26,26.28,+0.15,-0.02,14,36792,卖盘
558,14:17:23,26.3,+0.23,0.02,3,7890,买盘
559,14:17:20,26.28,+0.15,-0.01,17,44676,卖盘
560,14:17:11,26.29,+0.19,0.0,11,28919,卖盘
561,14:17:08,26.29,+0.19,-0.01,14,36806,卖盘
562,14:17:02,26.3,+0.23,0.0,2,5260,买盘
563,14:16:59,26.3,+0.23,0.0,5,13150,买盘
564,14:16:56,26.3,+0.23,0.0,4,10520,买盘
565,14:16:50,26.3,+0.23,0.0,7,18410,卖盘
566,14:16:44,26.3,+0.23,0.0,35,92050,买盘
567,14:16:35,26.3,+0.23,0.0,1,2630,买盘
568,14:16:29,26.3,+0.23,0.0,1,2630,买盘
569,14:16:26,26.3,+0.23,0.0,40,105200,中性盘
570,14:16:26,26.3,+0.23,0.0,40,105200,买盘
571,14:16:20,26.3,+0.23,0.0,2,5260,买盘
572,14:16:14,26.3,+0.23,0.0,10,26300,买盘
573,14:16:08,26.3,+0.23,0.01,4,10520,买盘
574,14:16:05,26.29,+0.19,0.0,20,52580,卖盘
575,14:15:58,26.29,+0.19,-0.01,2,5258,卖盘
576,14:15:55,26.3,+0.23,0.0,5,13150,买盘
577,14:15:46,26.3,+0.23,0.01,3,7890,买盘
578,14:15:43,26.29,+0.19,0.0,12,31548,买盘
579,14:15:40,26.29,+0.19,0.0,50,131450,买盘
580,14:15:34,26.29,+0.19,0.0,36,94644,买盘
581,14:15:28,26.29,+0.19,0.0,1,2629,买盘
582,14:15:25,26.29,+0.19,0.0,4,10516,买盘
583,14:15:19,26.29,+0.19,0.0,2,5258,买盘
584,14:15:16,26.29,+0.19,0.0,12,31548,卖盘
585,14:15:13,26.29,+0.19,0.0,2,5258,卖盘
586,14:15:10,26.29,+0.19,-0.01,3,7887,卖盘
587,14:15:07,26.3,+0.23,0.0,1,2630,买盘
588,14:15:04,26.3,+0.23,0.01,13,34190,买盘
589,14:14:58,26.29,+0.19,0.0,21,55209,买盘
590,14:14:55,26.29,+0.19,0.0,22,57838,买盘
591,14:14:46,26.29,+0.19,0.0,10,26290,买盘
592,14:14:40,26.29,+0.19,-0.01,36,94644,卖盘
593,14:14:37,26.3,+0.23,0.0,2,5260,买盘
594,14:14:34,26.3,+0.23,0.0,2,5260,买盘
595,14:14:25,26.3,+0.23,0.0,4,10520,买盘
596,14:14:10,26.3,+0.23,0.0,1,2630,买盘
597,14:14:07,26.3,+0.23,-0.02,12,31560,卖盘
598,14:14:04,26.32,+0.30,0.0,4,10528,买盘
599,14:13:55,26.32,+0.30,0.0,4,10528,买盘
600,14:13:49,26.32,+0.30,0.0,40,105280,买盘
601,14:13:43,26.32,+0.30,0.0,1,2632,买盘
602,14:13:40,26.32,+0.30,0.0,12,31584,买盘
603,14:13:34,26.32,+0.30,0.0,0,0,买盘
604,14:13:25,26.32,+0.30,0.03,6,15792,买盘
605,14:13:22,26.29,+0.19,0.0,0,0,卖盘
606,14:13:16,26.29,+0.19,-0.03,27,70983,卖盘
607,14:13:13,26.32,+0.30,0.0,58,152656,买盘
608,14:13:10,26.32,+0.30,0.0,31,81592,买盘
609,14:13:07,26.32,+0.30,0.01,1,2632,买盘
610,14:13:04,26.31,+0.27,-0.01,11,28941,卖盘
611,14:12:58,26.32,+0.30,0.0,1,2632,买盘
612,14:12:55,26.32,+0.30,0.0,15,39480,买盘
613,14:12:52,26.32,+0.30,0.03,4,10528,买盘
614,14:12:43,26.29,+0.19,0.0,0,0,卖盘
615,14:12:40,26.29,+0.19,-0.03,18,47322,卖盘
616,14:12:34,26.32,+0.30,0.0,2,5264,买盘
617,14:12:22,26.32,+0.30,0.0,4,10528,买盘
618,14:12:19,26.32,+0.30,0.0,2,5264,买盘
619,14:12:10,26.32,+0.30,0.0,2,5264,买盘
620,14:12:07,26.32,+0.30,0.0,6,15792,买盘
621,14:12:04,26.32,+0.30,0.0,0,0,买盘
622,14:11:54,26.32,+0.30,0.0,0,0,买盘
623,14:11:51,26.32,+0.30,0.0,3,7896,买盘
624,14:11:49,26.32,+0.30,0.0,2,5264,买盘
625,14:11:45,26.32,+0.30,0.0,2,5264,买盘
626,14:11:42,26.32,+0.30,0.0,50,131600,买盘
627,14:11:39,26.32,+0.30,0.0,7,18424,卖盘
628,14:11:33,26.32,+0.30,0.0,5,13160,卖盘
629,14:11:30,26.32,+0.30,0.0,2,5264,卖盘
630,14:11:27,26.32,+0.30,0.0,27,71064,买盘
631,14:11:21,26.32,+0.30,0.0,4,10528,买盘
632,14:11:18,26.32,+0.30,0.04,2,5264,买盘
633,14:11:16,26.28,+0.15,0.01,24,63072,买盘
634,14:11:13,26.27,+0.11,-0.01,8,21016,卖盘
635,14:11:09,26.28,+0.15,0.0,15,39420,买盘
636,14:11:06,26.28,+0.15,0.0,30,78840,买盘
637,14:11:03,26.28,+0.15,0.0,1,2628,买盘
638,14:11:00,26.28,+0.15,0.0,10,26280,买盘
639,14:11:00,26.28,+0.15,0.0,10,26280,中性盘
640,14:11:00,26.28,+0.15,0.0,10,26280,买盘
641,14:10:57,26.28,+0.15,0.0,1,2628,买盘
642,14:10:54,26.28,+0.15,0.0,2,5256,买盘
643,14:10:51,26.28,+0.15,0.0,4,10512,买盘
644,14:10:42,26.28,+0.15,0.0,105,275940,买盘
645,14:10:33,26.28,+0.15,0.0,1,2628,买盘
646,14:10:30,26.28,+0.15,0.0,1,2628,买盘
647,14:10:21,26.28,+0.15,0.0,3,7884,买盘
648,14:10:18,26.28,+0.15,0.0,11,28908,买盘
649,14:10:12,26.28,+0.15,0.0,1,2628,买盘
650,14:10:09,26.28,+0.15,0.01,1,2628,买盘
651,14:10:06,26.27,+0.11,0.0,13,34151,买盘
652,14:10:03,26.27,+0.11,0.0,2,5254,买盘
653,14:10:00,26.27,+0.11,0.0,15,39405,买盘
654,14:09:57,26.27,+0.11,0.01,14,36778,买盘
655,14:09:54,26.26,+0.08,-0.01,13,34138,卖盘
656,14:09:51,26.27,+0.11,0.01,4,10508,买盘
657,14:09:42,26.26,+0.08,0.0,0,709,买盘
658,14:09:39,26.26,+0.08,0.0,6,15756,买盘
659,14:09:33,26.26,+0.08,0.0,17,46559,卖盘
660,14:09:27,26.26,+0.08,0.01,4,11213,买盘
661,14:09:24,26.25,+0.04,-0.01,2,5250,卖盘
662,14:09:22,26.26,+0.08,0.01,5,13130,买盘
663,14:09:18,26.25,+0.04,-0.01,20,52500,卖盘
664,14:09:15,26.26,+0.08,0.01,2,5252,买盘
665,14:09:12,26.25,+0.04,-0.01,41,107625,卖盘
666,14:09:06,26.26,+0.08,0.0,14,36764,买盘
667,14:09:00,26.26,+0.08,0.0,1,2626,买盘
668,14:08:51,26.26,+0.08,-0.02,201,529743,卖盘
669,14:08:48,26.28,+0.15,0.01,2,5256,买盘
670,14:08:33,26.27,+0.11,-0.01,5,13135,卖盘
671,14:08:30,26.28,+0.15,0.0,5,13140,买盘
672,14:08:27,26.28,+0.15,0.0,3,7884,买盘
673,14:08:24,26.28,+0.15,0.0,1,2628,买盘
674,14:08:19,26.28,+0.15,-0.03,9,23652,卖盘
675,14:08:15,26.31,+0.27,0.0,5,13155,卖盘
676,14:08:09,26.31,+0.27,0.0,21,55251,卖盘
677,14:08:06,26.31,+0.27,-0.01,11,28941,卖盘
678,14:08:00,26.32,+0.30,0.01,2,5264,买盘
679,14:07:57,26.31,+0.27,0.0,4,10524,买盘
680,14:07:54,26.31,+0.27,0.03,35,92085,买盘
681,14:07:51,26.28,+0.15,-0.03,6,15768,卖盘
682,14:07:45,26.31,+0.27,0.0,0,0,买盘
683,14:07:33,26.31,+0.27,0.0,2,5262,买盘
684,14:07:18,26.31,+0.27,0.0,4,10524,买盘
685,14:07:09,26.31,+0.27,0.03,1,2631,买盘
686,14:07:06,26.28,+0.15,-0.03,17,44676,卖盘
687,14:07:00,26.31,+0.27,0.02,23,60513,买盘
688,14:06:57,26.29,+0.19,0.0,0,0,卖盘
689,14:06:51,26.29,+0.19,-0.02,14,36806,卖盘
690,14:06:45,26.31,+0.27,0.0,10,26310,买盘
691,14:06:39,26.31,+0.27,-0.01,1,2631,卖盘
692,14:06:33,26.32,+0.30,0.0,0,0,买盘
693,14:06:24,26.32,+0.30,0.0,0,0,买盘
694,14:06:18,26.32,+0.30,0.0,4,10528,买盘
695,14:06:12,26.32,+0.30,0.0,37,97384,买盘
696,14:06:09,26.32,+0.30,0.0,0,0,买盘
697,14:06:06,26.32,+0.30,0.04,5,13160,买盘
698,14:06:03,26.28,+0.15,-0.04,11,28908,卖盘
699,14:05:57,26.32,+0.30,0.0,1,2632,买盘
700,14:05:51,26.32,+0.30,0.04,4,10528,买盘
701,14:05:45,26.28,+0.15,-0.05,10,26280,卖盘
702,14:05:36,26.33,+0.34,0.0,0,0,买盘
703,14:05:33,26.33,+0.34,0.0,28,73724,中性盘
704,14:05:33,26.33,+0.34,0.05,28,73724,买盘
705,14:05:30,26.28,+0.15,0.0,11,28908,买盘
706,14:05:27,26.28,+0.15,0.0,11,28908,卖盘
707,14:05:24,26.28,+0.15,-0.05,17,44676,卖盘
708,14:05:18,26.33,+0.34,0.0,4,10532,买盘
709,14:05:09,26.33,+0.34,0.0,1,2633,买盘
710,14:05:03,26.33,+0.34,0.03,13,34229,买盘
711,14:04:57,26.3,+0.23,-0.03,19,49970,卖盘
712,14:04:51,26.33,+0.34,0.0,3,7899,买盘
713,14:04:48,26.33,+0.34,0.0,21,55293,买盘
714,14:04:45,26.33,+0.34,0.03,1,2633,买盘
715,14:04:42,26.3,+0.23,-0.03,84,220920,卖盘
716,14:04:36,26.33,+0.34,0.0,1,2633,买盘
717,14:04:33,26.33,+0.34,0.0,6,15798,买盘
718,14:04:30,26.33,+0.34,0.01,30,78990,买盘
719,14:04:24,26.32,+0.30,-0.01,1,2632,卖盘
720,14:04:18,26.33,+0.34,0.01,5,13165,买盘
721,14:04:15,26.32,+0.30,-0.01,2,5264,卖盘
722,14:04:12,26.33,+0.34,0.0,1,2633,买盘
723,14:04:09,26.33,+0.34,0.01,1,2633,买盘
724,14:04:00,26.32,+0.30,-0.01,10,26320,卖盘
725,14:03:51,26.33,+0.34,0.0,5,13165,买盘
726,14:03:48,26.33,+0.34,0.0,25,65825,买盘
727,14:03:45,26.33,+0.34,-0.04,430,1132295,卖盘
728,14:03:42,26.37,+0.50,0.01,16,42192,买盘
729,14:03:36,26.36,+0.46,0.0,13,34268,卖盘
730,14:03:21,26.36,+0.46,-0.02,3,7908,卖盘
731,14:03:18,26.38,+0.53,0.0,3,7914,买盘
732,14:03:09,26.38,+0.53,0.0,1,2638,买盘
733,14:03:06,26.38,+0.53,0.0,2,5276,买盘
734,14:02:57,26.38,+0.53,0.02,2,5276,买盘
735,14:02:54,26.36,+0.46,-0.01,10,26360,卖盘
736,14:02:51,26.37,+0.50,0.0,20,52740,卖盘
737,14:02:48,26.37,+0.50,0.0,31,81747,卖盘
738,14:02:45,26.37,+0.50,0.01,29,76473,买盘
739,14:02:39,26.36,+0.46,0.0,5,13180,卖盘
740,14:02:33,26.36,+0.46,-0.01,40,105440,卖盘
741,14:02:30,26.37,+0.50,0.0,1,2637,买盘
742,14:02:18,26.37,+0.50,0.0,3,7911,买盘
743,14:02:12,26.37,+0.50,0.0,4,10548,卖盘
744,14:02:09,26.37,+0.50,0.0,3,7911,买盘
745,14:02:05,26.37,+0.50,0.01,2,5274,买盘
746,14:02:02,26.36,+0.46,0.0,5,13180,卖盘
747,14:01:53,26.36,+0.46,0.0,10,26360,卖盘
748,14:01:51,26.36,+0.46,-0.02,9,23724,卖盘
749,14:01:48,26.38,+0.53,0.02,4,10552,买盘
750,14:01:44,26.36,+0.46,0.0,32,84352,卖盘
751,14:01:26,26.36,+0.46,-0.02,9,23724,卖盘
752,14:01:17,26.38,+0.53,0.01,4,10552,买盘
753,14:01:08,26.37,+0.50,0.0,10,26370,买盘
754,14:01:05,26.37,+0.50,0.01,10,26370,买盘
755,14:01:02,26.36,+0.46,-0.02,7,18452,卖盘
756,14:00:59,26.38,+0.53,0.01,39,102882,买盘
757,14:00:56,26.37,+0.50,-0.01,5,13185,买盘
758,14:00:53,26.38,+0.53,0.0,0,0,买盘
759,14:00:47,26.38,+0.53,0.01,31,81778,买盘
760,14:00:35,26.37,+0.50,-0.01,2,5300,卖盘
761,14:00:32,26.38,+0.53,0.0,2,5276,买盘
762,14:00:17,26.38,+0.53,0.0,11,29018,买盘
763,14:00:02,26.38,+0.53,0.0,20,52760,中性盘
764,14:00:02,26.38,+0.53,0.0,20,52760,买盘
765,13:59:56,26.38,+0.53,0.02,1,2638,买盘
766,13:59:47,26.36,+0.46,0.0,27,71172,卖盘
767,13:59:32,26.36,+0.46,0.0,20,52720,卖盘
768,13:59:17,26.36,+0.46,-0.01,24,63264,卖盘
769,13:59:14,26.37,+0.50,0.0,28,73836,买盘
770,13:59:11,26.37,+0.50,0.0,10,26370,买盘
771,13:59:02,26.37,+0.50,0.01,2,5274,买盘
772,13:58:47,26.36,+0.46,0.0,17,44812,卖盘
773,13:58:44,26.36,+0.46,-0.01,10,26360,卖盘
774,13:58:41,26.37,+0.50,0.0,2,5274,买盘
775,13:58:32,26.37,+0.50,0.01,2,5274,买盘
776,13:58:17,26.36,+0.46,-0.01,24,63264,卖盘
777,13:58:02,26.37,+0.50,0.01,2,5274,买盘
778,13:57:53,26.36,+0.46,0.0,0,0,卖盘
779,13:57:50,26.36,+0.46,-0.01,27,71172,卖盘
780,13:57:38,26.37,+0.50,0.0,11,29007,卖盘
781,13:57:32,26.37,+0.50,0.0,8,21096,买盘
782,13:57:29,26.37,+0.50,0.0,8,21096,买盘
783,13:57:26,26.37,+0.50,0.0,8,21096,买盘
784,13:57:23,26.37,+0.50,0.0,4,10548,买盘
785,13:57:17,26.37,+0.50,0.0,3,7911,买盘
786,13:57:14,26.37,+0.50,0.0,4,10548,中性盘
787,13:57:05,26.37,+0.50,-0.01,1,2637,卖盘
788,13:57:02,26.38,+0.53,0.0,9,23742,买盘
789,13:56:59,26.38,+0.53,0.01,8,21104,买盘
790,13:56:56,26.37,+0.50,0.0,1,2637,卖盘
791,13:56:47,26.37,+0.50,0.01,6,15822,买盘
792,13:56:44,26.36,+0.46,-0.01,24,63264,卖盘
793,13:56:32,26.37,+0.50,0.0,3,7911,买盘
794,13:56:29,26.37,+0.50,0.0,3,7911,买盘
795,13:56:26,26.37,+0.50,-0.01,15,39555,卖盘
796,13:56:02,26.38,+0.53,0.01,1,2638,买盘
797,13:55:44,26.37,+0.50,0.01,30,79110,买盘
798,13:55:35,26.36,+0.46,-0.01,1,2636,卖盘
799,13:55:32,26.37,+0.50,0.01,2,5274,买盘
800,13:55:29,26.36,+0.46,-0.01,9,23724,卖盘
801,13:55:26,26.37,+0.50,0.01,1,2637,买盘
802,13:55:23,26.36,+0.46,0.0,2,5272,卖盘
803,13:55:20,26.36,+0.46,-0.01,20,52720,卖盘
804,13:55:08,26.37,+0.50,0.0,3,7911,买盘
805,13:55:01,26.37,+0.50,0.01,1,2637,买盘
806,13:54:44,26.36,+0.46,-0.01,15,39540,卖盘
807,13:54:32,26.37,+0.50,-0.01,2,5274,中性盘
808,13:54:32,26.37,+0.50,0.01,2,5274,买盘
809,13:54:22,26.36,+0.46,0.0,11,28996,卖盘
810,13:54:13,26.36,+0.46,-0.01,0,211,卖盘
811,13:54:01,26.37,+0.50,0.0,1,2637,买盘
812,13:53:58,26.37,+0.50,0.0,44,116028,买盘
813,13:53:37,26.37,+0.50,0.0,1,2637,买盘
814,13:53:34,26.37,+0.50,0.0,20,52740,买盘
815,13:53:31,26.37,+0.50,0.01,1,2637,买盘
816,13:53:19,26.36,+0.46,0.0,10,26360,卖盘
817,13:53:16,26.36,+0.46,0.0,10,26360,卖盘
818,13:53:13,26.36,+0.46,-0.01,10,26360,卖盘
819,13:53:07,26.37,+0.50,0.0,2,5274,买盘
820,13:53:04,26.37,+0.50,0.01,2,5274,买盘
821,13:53:01,26.36,+0.46,-0.01,4,10544,卖盘
822,13:52:31,26.37,+0.50,0.0,1,2637,买盘
823,13:52:25,26.37,+0.50,0.0,10,26370,买盘
824,13:52:19,26.37,+0.50,0.0,34,89658,买盘
825,13:52:16,26.37,+0.50,0.0,1,2637,买盘
826,13:52:13,26.37,+0.50,0.0,40,105480,买盘
827,13:52:01,26.37,+0.50,0.0,17,44829,卖盘
828,13:51:58,26.37,+0.50,-0.01,10,26370,卖盘
829,13:51:43,26.38,+0.53,0.0,5,13190,买盘
830,13:51:40,26.38,+0.53,0.0,3,7914,买盘
831,13:51:31,26.38,+0.53,0.0,1,2638,买盘
832,13:51:22,26.38,+0.53,0.0,2,5276,买盘
833,13:51:10,26.38,+0.53,0.0,50,131900,买盘
834,13:51:01,26.38,+0.53,0.01,2,5276,买盘
835,13:50:58,26.37,+0.50,-0.01,10,26370,卖盘
836,13:50:46,26.38,+0.53,0.01,3,7914,买盘
837,13:50:34,26.37,+0.50,-0.01,11,29007,卖盘
838,13:50:31,26.38,+0.53,0.0,1,2638,买盘
839,13:50:28,26.38,+0.53,0.01,40,105520,买盘
840,13:50:19,26.37,+0.50,0.02,76,200412,买盘
841,13:50:16,26.35,+0.42,-0.01,20,52700,卖盘
842,13:50:10,26.36,+0.46,0.0,1,2636,买盘
843,13:50:07,26.36,+0.46,0.0,2,5272,买盘
844,13:50:04,26.36,+0.46,0.0,6,15816,买盘
845,13:50:01,26.36,+0.46,0.0,5,13180,买盘
846,13:49:52,26.36,+0.46,0.0,27,71172,卖盘
847,13:49:45,26.36,+0.46,0.0,4,10544,卖盘
848,13:49:36,26.36,+0.46,-0.01,2,5272,卖盘
849,13:49:30,26.37,+0.50,0.02,8,21096,买盘
850,13:49:12,26.35,+0.42,0.0,37,97495,中性盘
851,13:49:12,26.35,+0.42,-0.02,37,97495,卖盘
852,13:49:09,26.37,+0.50,0.0,3,7911,买盘
853,13:49:03,26.37,+0.50,0.02,4,10548,买盘
854,13:49:00,26.35,+0.42,-0.02,7,18445,卖盘
855,13:48:54,26.37,+0.50,0.0,64,168768,买盘
856,13:48:51,26.37,+0.50,0.0,0,0,买盘
857,13:48:48,26.37,+0.50,0.01,2,5274,买盘
858,13:48:45,26.36,+0.46,-0.01,5,13180,卖盘
859,13:48:42,26.37,+0.50,0.02,37,97569,买盘
860,13:48:30,26.35,+0.42,0.0,0,0,卖盘
861,13:48:27,26.35,+0.42,0.0,9,23715,卖盘
862,13:48:21,26.35,+0.42,0.0,21,55335,卖盘
863,13:48:15,26.35,+0.42,-0.01,1,2635,卖盘
864,13:48:00,26.36,+0.46,0.0,1,2636,买盘
865,13:47:51,26.36,+0.46,0.01,9,23724,买盘
866,13:47:45,26.35,+0.42,0.0,6,15810,卖盘
867,13:47:42,26.35,+0.42,0.0,5,13175,卖盘
868,13:47:39,26.35,+0.42,-0.01,20,52700,卖盘
869,13:47:30,26.36,+0.46,0.01,3,7908,买盘
870,13:47:24,26.35,+0.42,-0.03,6,15810,卖盘
871,13:47:15,26.38,+0.53,0.0,0,0,买盘
872,13:47:03,26.38,+0.53,0.0,9,23742,买盘
873,13:47:00,26.38,+0.53,0.0,202,532876,买盘
874,13:46:57,26.38,+0.53,0.02,38,100244,买盘
875,13:46:51,26.36,+0.46,0.01,2,5272,买盘
876,13:46:42,26.35,+0.42,-0.01,11,28985,卖盘
877,13:46:39,26.36,+0.46,0.0,3,7908,卖盘
878,13:46:33,26.36,+0.46,0.0,0,0,卖盘
879,13:46:30,26.36,+0.46,-0.02,24,63264,卖盘
880,13:46:27,26.38,+0.53,0.02,5,13190,买盘
881,13:46:15,26.36,+0.46,-0.02,1,2636,卖盘
882,13:46:09,26.38,+0.53,0.0,1,2638,买盘
883,13:46:06,26.38,+0.53,0.01,3,7914,买盘
884,13:46:03,26.37,+0.50,0.01,2,5274,中性盘
885,13:45:54,26.36,+0.46,-0.02,51,134436,卖盘
886,13:45:45,26.38,+0.53,0.0,0,0,买盘
887,13:45:42,26.38,+0.53,0.0,0,0,买盘
888,13:45:39,26.38,+0.53,0.03,502,1324276,买盘
889,13:45:36,26.35,+0.42,0.0,5,13175,卖盘
890,13:45:30,26.35,+0.42,0.0,6,15810,卖盘
891,13:45:21,26.35,+0.42,-0.01,9,23715,卖盘
892,13:45:15,26.36,+0.46,0.0,3,7908,买盘
893,13:45:12,26.36,+0.46,0.01,34,89624,买盘
894,13:45:06,26.35,+0.42,-0.01,7,18445,卖盘
895,13:45:00,26.36,+0.46,0.0,2,5272,买盘
896,13:44:57,26.36,+0.46,0.0,2,5272,买盘
897,13:44:39,26.36,+0.46,0.0,9,23724,卖盘
898,13:44:33,26.36,+0.46,-0.01,9,23724,卖盘
899,13:44:30,26.37,+0.50,0.01,1,2637,买盘
900,13:44:24,26.36,+0.46,0.0,9,23724,卖盘
901,13:44:15,26.36,+0.46,0.0,12,31632,卖盘
902,13:44:03,26.36,+0.46,-0.01,22,57992,卖盘
903,13:43:57,26.37,+0.50,0.0,1,2637,买盘
904,13:43:33,26.37,+0.50,0.0,2,5274,中性盘
905,13:43:33,26.37,+0.50,0.01,2,5274,买盘
906,13:43:30,26.36,+0.46,0.0,22,57992,买盘
907,13:43:24,26.36,+0.46,0.0,10,26360,买盘
908,13:43:21,26.36,+0.46,0.0,10,26360,买盘
909,13:43:12,26.36,+0.46,0.0,1,2636,买盘
910,13:43:03,26.36,+0.46,0.01,4,10544,买盘
911,13:42:57,26.35,+0.42,-0.01,1,2635,卖盘
912,13:42:51,26.36,+0.46,0.0,3,7908,买盘
913,13:42:33,26.36,+0.46,0.0,2,5272,买盘
914,13:42:27,26.36,+0.46,0.0,2,5272,买盘
915,13:42:21,26.36,+0.46,-0.01,17,44812,卖盘
916,13:42:18,26.37,+0.50,0.0,15,39555,买盘
917,13:42:03,26.37,+0.50,0.01,1,2637,买盘
918,13:41:45,26.36,+0.46,0.0,48,126528,买盘
919,13:41:39,26.36,+0.46,0.0,2,5272,买盘
920,13:41:36,26.36,+0.46,0.0,2,5272,买盘
921,13:41:33,26.36,+0.46,0.01,2,5272,买盘
922,13:41:18,26.35,+0.42,-0.01,80,210800,卖盘
923,13:41:03,26.36,+0.46,0.01,1,2636,买盘
924,13:40:54,26.35,+0.42,0.0,5,13175,卖盘
925,13:40:48,26.35,+0.42,-0.01,16,42160,卖盘
926,13:40:33,26.36,+0.46,0.0,1,2636,买盘
927,13:40:30,26.36,+0.46,0.01,3,7908,买盘
928,13:40:27,26.35,+0.42,0.0,13,34255,卖盘
929,13:40:21,26.35,+0.42,0.0,11,28985,卖盘
930,13:40:18,26.35,+0.42,0.0,0,0,卖盘
931,13:40:15,26.35,+0.42,-0.02,144,381548,卖盘
932,13:40:08,26.37,+0.50,0.01,3,7911,买盘
933,13:40:00,26.36,+0.46,0.0,4,10544,买盘
934,13:39:57,26.36,+0.46,0.0,2,5272,买盘
935,13:39:47,26.36,+0.46,0.0,0,0,中性盘
936,13:39:38,26.36,+0.46,-0.01,2,5272,卖盘
937,13:39:35,26.37,+0.50,0.0,4,10548,买盘
938,13:39:32,26.37,+0.50,0.0,3,7911,买盘
939,13:39:23,26.37,+0.50,0.0,14,36918,买盘
940,13:39:17,26.37,+0.50,0.0,0,0,买盘
941,13:39:14,26.37,+0.50,0.02,6,15822,买盘
942,13:39:11,26.35,+0.42,-0.02,2,5270,卖盘
943,13:39:08,26.37,+0.50,0.0,2,5274,买盘
944,13:39:05,26.37,+0.50,0.0,0,0,买盘
945,13:39:02,26.37,+0.50,0.0,9,23733,买盘
946,13:38:47,26.37,+0.50,0.04,114,300803,买盘
947,13:38:32,26.33,+0.34,0.0,0,0,买盘
948,13:38:17,26.33,+0.34,0.0,40,105320,中性盘
949,13:38:17,26.33,+0.34,0.01,40,105320,买盘
950,13:38:11,26.32,+0.30,-0.01,38,100016,卖盘
951,13:38:02,26.33,+0.34,0.0,2,5266,买盘
952,13:37:59,26.33,+0.34,0.01,9,23697,买盘
953,13:37:47,26.32,+0.30,0.01,186,489552,买盘
954,13:37:41,26.31,+0.27,0.0,5,13155,买盘
955,13:37:32,26.31,+0.27,0.0,1,2631,买盘
956,13:37:17,26.31,+0.27,0.01,1,2631,卖盘
957,13:37:02,26.3,+0.23,0.0,150,394500,卖盘
958,13:36:56,26.3,+0.23,-0.02,20,52600,卖盘
959,13:36:53,26.32,+0.30,0.01,5,13160,买盘
960,13:36:47,26.31,+0.27,-0.01,6,15786,卖盘
961,13:36:35,26.32,+0.30,0.0,2,5264,买盘
962,13:36:32,26.32,+0.30,0.0,10,26320,买盘
963,13:36:29,26.32,+0.30,0.0,37,97384,买盘
964,13:36:11,26.32,+0.30,0.0,15,39480,卖盘
965,13:36:08,26.32,+0.30,-0.01,10,26320,卖盘
966,13:36:02,26.33,+0.34,0.01,1,2633,买盘
967,13:35:56,26.32,+0.30,0.0,6,15792,卖盘
968,13:35:50,26.32,+0.30,-0.01,14,36848,卖盘
969,13:35:41,26.33,+0.34,0.01,26,68458,买盘
970,13:35:35,26.32,+0.30,-0.01,3,7896,卖盘
971,13:35:32,26.33,+0.34,0.0,3,7899,买盘
972,13:35:29,26.33,+0.34,-0.03,537,1416370,卖盘
973,13:35:23,26.36,+0.46,-0.01,20,52720,卖盘
974,13:35:17,26.37,+0.50,0.0,3,7911,买盘
975,13:35:14,26.37,+0.50,0.0,1,2637,卖盘
976,13:35:08,26.37,+0.50,-0.01,5,13185,卖盘
977,13:35:02,26.38,+0.53,0.01,1,2638,买盘
978,13:34:59,26.37,+0.50,0.0,43,113391,卖盘
979,13:34:53,26.37,+0.50,0.0,3,7911,卖盘
980,13:34:44,26.37,+0.50,0.01,3,7911,买盘
981,13:34:41,26.36,+0.46,-0.01,1,2636,卖盘
982,13:34:38,26.37,+0.50,0.0,2,5274,买盘
983,13:34:32,26.37,+0.50,0.01,1,2637,买盘
984,13:34:26,26.36,+0.46,0.0,0,0,卖盘
985,13:34:20,26.36,+0.46,0.0,1,2636,卖盘
986,13:34:14,26.36,+0.46,-0.01,16,42176,卖盘
987,13:34:11,26.37,+0.50,0.01,53,139761,买盘
988,13:34:08,26.36,+0.46,-0.01,16,42176,卖盘
989,13:34:02,26.37,+0.50,0.01,2,5274,买盘
990,13:33:38,26.36,+0.46,-0.01,2,5272,卖盘
991,13:33:35,26.37,+0.50,0.0,5,13185,买盘
992,13:33:32,26.37,+0.50,0.01,1,2637,买盘
993,13:33:17,26.36,+0.46,0.0,0,0,卖盘
994,13:33:14,26.36,+0.46,-0.01,5,13180,卖盘
995,13:33:02,26.37,+0.50,-0.01,22,58014,中性盘
996,13:32:59,26.38,+0.53,0.01,42,113355,买盘
997,13:32:56,26.37,+0.50,0.0,3,7911,卖盘
998,13:32:53,26.37,+0.50,0.0,2,5274,中性盘
999,13:32:53,26.37,+0.50,-0.01,2,5274,卖盘
1000,13:32:34,26.38,+0.53,0.01,1,2638,买盘
1001,13:32:32,26.37,+0.50,0.0,3,7911,卖盘
1002,13:32:26,26.37,+0.50,-0.01,18,47466,卖盘
1003,13:32:16,26.38,+0.53,0.01,2,5276,买盘
1004,13:32:14,26.37,+0.50,-0.01,2,5274,卖盘
1005,13:32:11,26.38,+0.53,0.01,100,263800,买盘
1006,13:32:07,26.37,+0.50,-0.01,5,13185,卖盘
1007,13:32:04,26.38,+0.53,0.0,2,5276,买盘
1008,13:31:52,26.38,+0.53,0.0,5,13190,买盘
1009,13:31:34,26.38,+0.53,0.0,2,5276,买盘
1010,13:31:31,26.38,+0.53,0.0,1,2638,买盘
1011,13:31:25,26.38,+0.53,0.0,1,2638,买盘
1012,13:31:22,26.38,+0.53,0.0,1,2638,买盘
1013,13:31:13,26.38,+0.53,0.0,39,102882,买盘
1014,13:31:01,26.38,+0.53,0.01,1,2638,买盘
1015,13:30:55,26.37,+0.50,-0.01,1,2637,卖盘
1016,13:30:31,26.38,+0.53,0.01,10,26380,买盘
1017,13:30:25,26.37,+0.50,-0.01,5,13185,卖盘
1018,13:30:19,26.38,+0.53,0.0,9,23742,买盘
1019,13:30:13,26.38,+0.53,0.0,4,10552,买盘
1020,13:30:04,26.38,+0.53,0.0,1,2638,买盘
1021,13:30:01,26.38,+0.53,0.01,2,5276,买盘
1022,13:29:49,26.37,+0.50,0.0,5,13185,卖盘
1023,13:29:34,26.37,+0.50,-0.01,4,10548,卖盘
1024,13:29:28,26.38,+0.53,0.01,38,100244,买盘
1025,13:29:22,26.37,+0.50,-0.01,3,7911,卖盘
1026,13:29:19,26.38,+0.53,0.01,10,26380,买盘
1027,13:29:04,26.37,+0.50,-0.01,4,10627,卖盘
1028,13:29:01,26.38,+0.53,0.0,1,2638,买盘
1029,13:28:52,26.38,+0.53,0.0,5,13190,买盘
1030,13:28:31,26.38,+0.53,0.0,1,2638,买盘
1031,13:28:19,26.38,+0.53,0.02,5,13190,买盘
1032,13:28:01,26.36,+0.46,0.0,1,2636,卖盘
1033,13:27:55,26.36,+0.46,-0.02,1,2636,卖盘
1034,13:27:49,26.38,+0.53,0.0,3,7914,买盘
1035,13:27:43,26.38,+0.53,0.01,36,94968,买盘
1036,13:27:37,26.37,+0.50,-0.01,3,7911,卖盘
1037,13:27:31,26.38,+0.53,0.0,1,2638,买盘
1038,13:27:28,26.38,+0.53,0.0,4,10552,买盘
1039,13:27:19,26.38,+0.53,0.0,2,5276,中性盘
1040,13:27:19,26.38,+0.53,0.0,2,5276,买盘
1041,13:27:10,26.38,+0.53,0.0,2,5276,买盘
1042,13:27:01,26.38,+0.53,0.0,0,0,买盘
1043,13:26:55,26.38,+0.53,0.02,2,5276,买盘
1044,13:26:48,26.36,+0.46,-0.01,30,79080,卖盘
1045,13:26:42,26.37,+0.50,0.01,14,36918,买盘
1046,13:26:36,26.36,+0.46,-0.01,1,2636,卖盘
1047,13:26:33,26.37,+0.50,0.0,9,23733,买盘
1048,13:26:30,26.37,+0.50,0.0,1,2637,买盘
1049,13:26:18,26.37,+0.50,-0.01,31,81747,卖盘
1050,13:26:06,26.38,+0.53,0.01,5,13190,买盘
1051,13:25:57,26.37,+0.50,0.0,9,23733,买盘
1052,13:25:48,26.37,+0.50,0.0,5,13185,买盘
1053,13:25:39,26.37,+0.50,0.01,1,2637,买盘
1054,13:25:36,26.36,+0.46,-0.01,6,15816,卖盘
1055,13:25:30,26.37,+0.50,0.0,1,2637,买盘
1056,13:25:24,26.37,+0.50,-0.01,1,2637,卖盘
1057,13:25:15,26.38,+0.53,0.0,6,15828,买盘
1058,13:25:09,26.38,+0.53,0.0,5,13190,买盘
1059,13:25:00,26.38,+0.53,0.0,1,2638,买盘
1060,13:24:48,26.38,+0.53,0.01,3,7914,买盘
1061,13:24:42,26.37,+0.50,-0.01,4,10548,卖盘
1062,13:24:36,26.38,+0.53,0.02,2,5276,买盘
1063,13:24:30,26.36,+0.46,0.0,0,0,卖盘
1064,13:24:27,26.36,+0.46,-0.02,0,105,卖盘
1065,13:24:18,26.38,+0.53,0.0,6,15828,买盘
1066,13:24:15,26.38,+0.53,0.0,10,26380,买盘
1067,13:24:12,26.38,+0.53,0.02,40,105520,买盘
1068,13:24:09,26.36,+0.46,-0.02,2,5272,卖盘
1069,13:24:06,26.38,+0.53,0.01,4,10552,买盘
1070,13:24:00,26.37,+0.50,0.0,1,2637,买盘
1071,13:23:51,26.37,+0.50,0.0,4,10548,卖盘
1072,13:23:42,26.37,+0.50,-0.01,2,5274,卖盘
1073,13:23:39,26.38,+0.53,0.01,50,131900,买盘
1074,13:23:36,26.37,+0.50,0.0,1,2637,卖盘
1075,13:23:30,26.37,+0.50,0.0,1,2637,买盘
1076,13:23:24,26.37,+0.50,0.01,2,5274,买盘
1077,13:23:21,26.36,+0.46,-0.01,1,2636,卖盘
1078,13:23:00,26.37,+0.50,0.01,1,2637,买盘
1079,13:22:51,26.36,+0.46,-0.01,40,105440,卖盘
1080,13:22:33,26.37,+0.50,0.01,2,5274,买盘
1081,13:22:30,26.36,+0.46,0.0,7,18452,卖盘
1082,13:22:27,26.36,+0.46,0.01,5,13180,买盘
1083,13:22:03,26.35,+0.42,-0.01,5,13175,卖盘
1084,13:22:00,26.36,+0.46,-0.01,1,2636,中性盘
1085,13:22:00,26.36,+0.46,0.01,1,2636,买盘
1086,13:21:42,26.35,+0.42,0.0,0,0,卖盘
1087,13:21:39,26.35,+0.42,-0.02,15,39525,卖盘
1088,13:21:36,26.37,+0.50,0.0,2,5274,买盘
1089,13:21:30,26.37,+0.50,0.0,0,0,买盘
1090,13:21:21,26.37,+0.50,0.0,7,18459,买盘
1091,13:21:09,26.37,+0.50,0.0,2,5274,买盘
1092,13:21:00,26.37,+0.50,0.0,2,7806,卖盘
1093,13:20:57,26.37,+0.50,0.0,8,21096,卖盘
1094,13:20:54,26.37,+0.50,0.0,16,42192,卖盘
1095,13:20:42,26.37,+0.50,0.01,15,39660,买盘
1096,13:20:36,26.36,+0.46,0.0,2,5272,买盘
1097,13:20:33,26.36,+0.46,0.0,3,7908,买盘
1098,13:20:30,26.36,+0.46,-0.02,5,13180,卖盘
1099,13:20:27,26.38,+0.53,0.02,3,7914,买盘
1100,13:20:24,26.36,+0.46,-0.01,10,26360,卖盘
1101,13:20:21,26.37,+0.50,0.0,3,7911,卖盘
1102,13:20:15,26.37,+0.50,0.0,1,2637,买盘
1103,13:20:12,26.37,+0.50,0.0,12,31644,买盘
1104,13:20:06,26.37,+0.50,0.0,6,15822,买盘
1105,13:20:03,26.37,+0.50,0.0,5,13185,买盘
1106,13:20:00,26.37,+0.50,0.0,3,7911,买盘
1107,13:19:54,26.37,+0.50,0.0,2,5274,买盘
1108,13:19:51,26.37,+0.50,0.0,1,2637,买盘
1109,13:19:48,26.37,+0.50,0.0,3,7911,买盘
1110,13:19:45,26.37,+0.50,0.0,4,10548,买盘
1111,13:19:39,26.37,+0.50,0.02,20,52740,买盘
1112,13:19:33,26.35,+0.42,-0.01,10,26350,卖盘
1113,13:19:30,26.36,+0.46,0.01,11,28996,买盘
1114,13:19:27,26.35,+0.42,-0.01,1,2635,卖盘
1115,13:19:18,26.36,+0.46,0.0,1,2636,买盘
1116,13:19:12,26.36,+0.46,0.0,2,5272,买盘
1117,13:19:03,26.36,+0.46,0.0,40,105440,买盘
1118,13:19:00,26.36,+0.46,0.01,2,5272,买盘
1119,13:18:57,26.35,+0.42,-0.01,0,53,卖盘
1120,13:18:42,26.36,+0.46,0.01,5,13180,买盘
1121,13:18:39,26.35,+0.42,0.0,33,86955,卖盘
1122,13:18:36,26.35,+0.42,-0.01,1,2635,卖盘
1123,13:18:33,26.36,+0.46,0.01,2,5272,买盘
1124,13:18:21,26.35,+0.42,0.0,21,55335,卖盘
1125,13:18:15,26.35,+0.42,0.0,3,7905,卖盘
1126,13:18:12,26.35,+0.42,0.01,33,86955,买盘
1127,13:18:03,26.34,+0.38,0.0,2,5268,中性盘
1128,13:17:51,26.34,+0.38,0.0,0,0,买盘
1129,13:17:45,26.34,+0.38,0.0,9,23706,买盘
1130,13:17:33,26.34,+0.38,0.0,2,5268,买盘
1131,13:17:30,26.34,+0.38,0.0,1,2634,卖盘
1132,13:17:24,26.34,+0.38,0.0,17,44778,中性盘
1133,13:17:20,26.34,+0.38,0.0,6,15804,卖盘
1134,13:17:18,26.34,+0.38,0.0,19,50046,卖盘
1135,13:17:15,26.34,+0.38,0.01,15,39510,买盘
1136,13:17:12,26.33,+0.34,-0.01,3,7899,卖盘
1137,13:17:06,26.34,+0.38,0.0,5,13170,买盘
1138,13:17:03,26.34,+0.38,0.01,5,13170,买盘
1139,13:16:56,26.33,+0.34,-0.01,2,5266,卖盘
1140,13:16:50,26.34,+0.38,0.01,4,10536,买盘
1141,13:16:47,26.33,+0.34,-0.01,5,13191,卖盘
1142,13:16:32,26.34,+0.38,-0.01,2,5268,中性盘
1143,13:16:32,26.34,+0.38,0.01,2,5268,买盘
1144,13:16:29,26.33,+0.34,0.0,0,0,卖盘
1145,13:16:26,26.33,+0.34,-0.02,23,60559,卖盘
1146,13:16:04,26.35,+0.42,0.0,1,2635,买盘
1147,13:16:02,26.35,+0.42,0.0,1,2635,买盘
1148,13:15:38,26.35,+0.42,0.02,3,7905,买盘
1149,13:15:32,26.33,+0.34,-0.03,0,158,卖盘
1150,13:15:29,26.36,+0.46,0.01,60,160427,买盘
1151,13:15:26,26.35,+0.42,-0.01,10,26350,卖盘
1152,13:15:08,26.36,+0.46,0.01,2,5272,买盘
1153,13:15:05,26.35,+0.42,-0.01,3,7905,卖盘
1154,13:15:02,26.36,+0.46,-0.01,2,5272,中性盘
1155,13:14:53,26.37,+0.50,0.01,1,2637,买盘
1156,13:14:32,26.36,+0.46,0.0,3,7908,卖盘
1157,13:14:29,26.36,+0.46,0.0,0,0,中性盘
1158,13:14:26,26.36,+0.46,0.0,3,7908,卖盘
1159,13:14:20,26.36,+0.46,-0.01,30,79080,卖盘
1160,13:14:05,26.37,+0.50,0.0,1,2637,买盘
1161,13:14:02,26.37,+0.50,0.01,2,5274,买盘
1162,13:13:50,26.36,+0.46,0.0,4,10544,卖盘
1163,13:13:44,26.36,+0.46,-0.01,5,13180,买盘
1164,13:13:35,26.37,+0.50,0.0,0,0,买盘
1165,13:13:32,26.37,+0.50,0.0,0,0,买盘
1166,13:13:14,26.37,+0.50,0.04,12,31644,买盘
1167,13:13:11,26.33,+0.34,0.0,1,2844,买盘
1168,13:13:08,26.33,+0.34,0.0,3,7899,买盘
1169,13:13:02,26.33,+0.34,0.0,2,5266,买盘
1170,13:12:55,26.33,+0.34,0.0,3,7899,买盘
1171,13:12:53,26.33,+0.34,-0.04,54,144604,卖盘
1172,13:12:50,26.37,+0.50,0.0,5,13185,买盘
1173,13:12:32,26.37,+0.50,0.04,18,47466,买盘
1174,13:12:29,26.33,+0.34,-0.02,52,137127,卖盘
1175,13:12:26,26.35,+0.42,0.0,1,2635,买盘
1176,13:12:23,26.35,+0.42,0.0,14,36890,买盘
1177,13:12:17,26.35,+0.42,0.0,5,13175,买盘
1178,13:12:14,26.35,+0.42,-0.02,275,724625,卖盘
1179,13:12:02,26.37,+0.50,0.0,4,10548,买盘
1180,13:11:59,26.37,+0.50,0.01,44,116028,买盘
1181,13:11:50,26.36,+0.46,0.0,0,0,中性盘
1182,13:11:47,26.36,+0.46,0.0,1,2636,买盘
1183,13:11:44,26.36,+0.46,0.0,4,10544,买盘
1184,13:11:38,26.36,+0.46,0.0,5,13180,买盘
1185,13:11:32,26.36,+0.46,0.01,2,5272,买盘
1186,13:11:22,26.35,+0.42,0.0,27,71145,买盘
1187,13:11:08,26.35,+0.42,0.0,7,18445,买盘
1188,13:11:08,26.35,+0.42,0.0,7,18445,中性盘
1189,13:11:08,26.35,+0.42,0.0,7,18445,买盘
1190,13:11:02,26.35,+0.42,0.01,1,2635,买盘
1191,13:10:38,26.34,+0.38,-0.01,14,36876,卖盘
1192,13:10:32,26.35,+0.42,0.01,2,5270,买盘
1193,13:10:26,26.34,+0.38,0.01,4,10536,卖盘
1194,13:10:14,26.33,+0.34,0.0,0,0,卖盘
1195,13:10:11,26.33,+0.34,0.0,116,305428,卖盘
1196,13:10:05,26.33,+0.34,0.01,6,15798,买盘
1197,13:09:50,26.32,+0.30,0.0,1,2632,卖盘
1198,13:09:34,26.32,+0.30,0.0,3,7896,卖盘
1199,13:09:20,26.32,+0.30,0.0,1,2632,卖盘
1200,13:09:16,26.32,+0.30,-0.02,1,2632,卖盘
1201,13:09:07,26.34,+0.38,0.0,0,0,买盘
1202,13:09:05,26.34,+0.38,0.02,2,5268,买盘
1203,13:09:01,26.32,+0.30,-0.02,20,52640,卖盘
1204,13:08:55,26.34,+0.38,0.0,15,39510,卖盘
1205,13:08:40,26.34,+0.38,-0.01,1,2634,卖盘
1206,13:08:31,26.35,+0.42,0.0,1,2635,买盘
1207,13:08:28,26.35,+0.42,0.01,38,100130,买盘
1208,13:08:13,26.34,+0.38,-0.01,2,5268,卖盘
1209,13:08:10,26.35,+0.42,0.0,43,113305,买盘
1210,13:08:01,26.35,+0.42,0.01,3,7905,买盘
1211,13:07:55,26.34,+0.38,0.0,6,15804,卖盘
1212,13:07:49,26.34,+0.38,-0.01,1,2634,卖盘
1213,13:07:40,26.35,+0.42,0.0,8,21080,买盘
1214,13:07:34,26.35,+0.42,-0.02,53,142079,卖盘
1215,13:07:31,26.37,+0.50,0.02,8,21096,买盘
1216,13:07:25,26.35,+0.42,0.0,14,36890,卖盘
1217,13:07:19,26.35,+0.42,-0.02,6,15810,卖盘
1218,13:07:10,26.37,+0.50,0.0,9,23733,买盘
1219,13:07:07,26.37,+0.50,0.0,0,0,买盘
1220,13:07:04,26.37,+0.50,0.01,23,60651,买盘
1221,13:07:01,26.36,+0.46,0.01,2,5272,买盘
1222,13:06:58,26.35,+0.42,0.0,129,340126,买盘
1223,13:06:55,26.35,+0.42,0.0,44,115940,买盘
1224,13:06:46,26.35,+0.42,0.01,7,18445,买盘
1225,13:06:43,26.34,+0.38,0.01,96,252864,买盘
1226,13:06:31,26.33,+0.34,-0.01,16,42128,中性盘
1227,13:06:25,26.34,+0.38,0.01,17,44778,买盘
1228,13:06:07,26.33,+0.34,0.0,2,5266,买盘
1229,13:06:04,26.33,+0.34,-0.01,39,102687,卖盘
1230,13:06:01,26.34,+0.38,0.0,2,5268,买盘
1231,13:05:31,26.34,+0.38,0.0,2,5268,中性盘
1232,13:05:31,26.34,+0.38,0.0,2,5268,买盘
1233,13:05:25,26.34,+0.38,0.01,4,10536,买盘
1234,13:05:07,26.33,+0.34,-0.01,4,10532,卖盘
1235,13:05:04,26.34,+0.38,0.01,8,21072,买盘
1236,13:04:58,26.33,+0.34,0.0,6,15798,买盘
1237,13:04:31,26.33,+0.34,0.01,9,23697,买盘
1238,13:04:15,26.32,+0.30,-0.01,24,63168,卖盘
1239,13:04:04,26.33,+0.34,0.0,4,10532,买盘
1240,13:04:00,26.33,+0.34,0.01,1,2633,买盘
1241,13:03:54,26.32,+0.30,0.0,3,7896,卖盘
1242,13:03:42,26.32,+0.30,-0.01,3,7896,卖盘
1243,13:03:36,26.33,+0.34,-0.01,6,15798,卖盘
1244,13:03:33,26.34,+0.38,0.0,1,2634,买盘
1245,13:03:30,26.34,+0.38,0.0,1,2634,买盘
1246,13:03:21,26.34,+0.38,0.0,8,21072,买盘
1247,13:03:18,26.34,+0.38,-0.01,5,13170,卖盘
1248,13:03:15,26.35,+0.42,0.0,7,18445,买盘
1249,13:03:12,26.35,+0.42,0.0,28,73780,买盘
1250,13:03:00,26.35,+0.42,0.01,2,5270,买盘
1251,13:02:45,26.34,+0.38,0.01,19,50046,买盘
1252,13:02:36,26.33,+0.34,-0.01,1,2633,卖盘
1253,13:02:30,26.34,+0.38,0.0,1,2634,买盘
1254,13:02:21,26.34,+0.38,0.0,15,39510,卖盘
1255,13:02:18,26.34,+0.38,-0.01,200,526800,卖盘
1256,13:02:03,26.35,+0.42,0.0,7,18445,买盘
1257,13:02:00,26.35,+0.42,0.01,2,5270,买盘
1258,13:01:57,26.34,+0.38,0.0,1,2634,卖盘
1259,13:01:36,26.34,+0.38,-0.01,21,55314,卖盘
1260,13:01:30,26.35,+0.42,0.01,1,2635,买盘
1261,13:01:21,26.34,+0.38,-0.01,8,21072,卖盘
1262,13:01:18,26.35,+0.42,0.01,1,2635,买盘
1263,13:01:09,26.34,+0.38,-0.01,2,5268,卖盘
1264,13:01:00,26.35,+0.42,0.01,2,5270,买盘
1265,13:00:45,26.34,+0.38,-0.01,1,2634,卖盘
1266,13:00:36,26.35,+0.42,0.01,54,142290,买盘
1267,13:00:33,26.34,+0.38,-0.01,3,7902,卖盘
1268,13:00:30,26.35,+0.42,0.01,1,2635,买盘
1269,13:00:15,26.34,+0.38,0.0,10,26340,卖盘
1270,13:00:09,26.34,+0.38,0.0,10,26340,中性盘
1271,13:00:09,26.34,+0.38,0.0,10,26340,卖盘
1272,13:00:06,26.34,+0.38,0.01,117,308178,买盘
1273,13:00:03,26.33,+0.34,0.0,126,331758,卖盘
1274,13:00:00,26.33,+0.34,-0.01,23,60559,卖盘
1275,11:30:00,26.34,+0.38,0.0,0,0,买盘
1276,11:30:00,26.34,+0.38,0.0,0,0,买盘
1277,11:29:54,26.34,+0.38,0.01,6,15804,买盘
1278,11:29:51,26.33,+0.34,-0.01,1,2633,卖盘
1279,11:29:45,26.34,+0.38,0.01,36,94824,买盘
1280,11:29:42,26.33,+0.34,-0.01,10,26330,卖盘
1281,11:29:33,26.34,+0.38,0.0,3,7902,买盘
1282,11:29:24,26.34,+0.38,0.01,6,15804,买盘
1283,11:29:06,26.33,+0.34,0.0,0,79,卖盘
1284,11:29:03,26.33,+0.34,-0.01,9,23697,卖盘
1285,11:29:00,26.34,+0.38,0.01,6,15804,买盘
1286,11:28:42,26.33,+0.34,-0.01,15,39495,卖盘
1287,11:28:33,26.34,+0.38,0.01,2,5268,买盘
1288,11:28:30,26.33,+0.34,-0.01,10,26330,卖盘
1289,11:28:24,26.34,+0.38,0.01,6,15804,买盘
1290,11:28:21,26.33,+0.34,-0.01,50,131650,卖盘
1291,11:28:18,26.34,+0.38,0.0,11,28974,买盘
1292,11:28:15,26.34,+0.38,0.0,4,10536,买盘
1293,11:28:09,26.34,+0.38,0.01,6,15804,买盘
1294,11:28:06,26.33,+0.34,-0.01,0,79,卖盘
1295,11:28:03,26.34,+0.38,0.0,1,2634,买盘
1296,11:28:00,26.34,+0.38,0.01,38,100092,买盘
1297,11:27:33,26.33,+0.34,0.0,7,18431,卖盘
1298,11:27:12,26.33,+0.34,-0.01,1,2633,卖盘
1299,11:27:03,26.34,+0.38,0.0,6,15804,买盘
1300,11:26:54,26.34,+0.38,0.01,3,7902,买盘
1301,11:26:45,26.33,+0.34,-0.01,2,5266,卖盘
1302,11:26:42,26.34,+0.38,0.0,4,10536,买盘
1303,11:26:33,26.34,+0.38,0.0,1,2634,买盘
1304,11:26:18,26.34,+0.38,0.01,5,13170,买盘
1305,11:26:15,26.33,+0.34,0.0,45,118485,卖盘
1306,11:26:12,26.33,+0.34,0.0,13,34229,卖盘
1307,11:26:03,26.33,+0.34,0.03,657,1730434,买盘
1308,11:25:57,26.3,+0.23,0.0,4,10520,买盘
1309,11:25:54,26.3,+0.23,-0.03,850,2237578,卖盘
1310,11:25:42,26.33,+0.34,-0.01,5,13165,卖盘
1311,11:25:33,26.34,+0.38,0.0,0,0,买盘
1312,11:25:27,26.34,+0.38,0.02,4,10536,买盘
1313,11:25:24,26.32,+0.30,0.0,30,78960,卖盘
1314,11:25:18,26.32,+0.30,-0.01,15,39480,卖盘
1315,11:25:03,26.33,+0.34,0.0,2,5266,买盘
1316,11:25:00,26.33,+0.34,-0.01,7,18431,卖盘
1317,11:24:54,26.34,+0.38,0.01,24,63216,买盘
1318,11:24:51,26.33,+0.34,-0.01,5,13165,卖盘
1319,11:24:48,26.34,+0.38,0.0,1,2634,买盘
1320,11:24:48,26.34,+0.38,0.0,1,2634,中性盘
1321,11:24:48,26.34,+0.38,0.0,1,2634,买盘
1322,11:24:33,26.34,+0.38,0.0,0,0,买盘
1323,11:24:30,26.34,+0.38,0.0,182,479941,买盘
1324,11:24:17,26.34,+0.38,0.0,68,179112,卖盘
1325,11:24:15,26.34,+0.38,-0.01,3,7902,卖盘
1326,11:24:03,26.35,+0.42,0.0,2,7694,卖盘
1327,11:23:57,26.35,+0.42,0.0,1,2688,卖盘
1328,11:23:48,26.35,+0.42,0.0,50,131750,卖盘
1329,11:23:33,26.35,+0.42,0.0,22,57970,卖盘
1330,11:23:30,26.35,+0.42,0.0,0,0,卖盘
1331,11:23:21,26.35,+0.42,-0.02,11,28985,卖盘
1332,11:23:14,26.37,+0.50,0.0,1,2637,买盘
1333,11:23:12,26.37,+0.50,0.01,9,23733,买盘
1334,11:23:09,26.36,+0.46,0.0,8,21088,买盘
1335,11:23:03,26.36,+0.46,-0.01,1,2636,中性盘
1336,11:22:57,26.37,+0.50,0.0,1,2637,买盘
1337,11:22:41,26.37,+0.50,0.02,36,94932,买盘
1338,11:22:39,26.35,+0.42,-0.02,500,1317500,卖盘
1339,11:22:33,26.37,+0.50,0.0,2,5274,买盘
1340,11:22:03,26.37,+0.50,0.0,2,5274,买盘
1341,11:22:00,26.37,+0.50,0.01,1,2637,买盘
1342,11:21:57,26.36,+0.46,-0.01,10,26360,卖盘
1343,11:21:51,26.37,+0.50,0.0,6,15822,买盘
1344,11:21:41,26.37,+0.50,0.0,4,10548,买盘
1345,11:21:33,26.37,+0.50,0.0,2,5274,买盘
1346,11:21:03,26.37,+0.50,0.0,1,2637,买盘
1347,11:20:59,26.37,+0.50,0.0,38,100206,买盘
1348,11:20:57,26.37,+0.50,0.01,1,2637,买盘
1349,11:20:35,26.36,+0.46,-0.01,387,1020132,卖盘
1350,11:20:33,26.37,+0.50,0.01,1,2637,买盘
1351,11:20:24,26.36,+0.46,-0.01,90,237240,卖盘
1352,11:20:02,26.37,+0.50,0.0,2,5274,买盘
1353,11:19:54,26.37,+0.50,0.01,3,7911,买盘
1354,11:19:50,26.36,+0.46,0.0,2,5272,卖盘
1355,11:19:47,26.36,+0.46,0.0,4,10544,卖盘
1356,11:19:45,26.36,+0.46,-0.01,18,47501,卖盘
1357,11:19:33,26.37,+0.50,0.01,1,2637,买盘
1358,11:19:23,26.36,+0.46,-0.01,1,2636,卖盘
1359,11:19:20,26.37,+0.50,-0.01,1,2637,中性盘
1360,11:19:20,26.37,+0.50,0.0,1,2637,买盘
1361,11:19:17,26.37,+0.50,0.0,1,2637,卖盘
1362,11:19:14,26.37,+0.50,0.01,35,92295,买盘
1363,11:19:08,26.36,+0.46,-0.01,5,13180,卖盘
1364,11:19:02,26.37,+0.50,0.01,5,13185,买盘
1365,11:18:50,26.36,+0.46,0.0,14,36904,卖盘
1366,11:18:41,26.36,+0.46,0.0,6,15816,卖盘
1367,11:18:38,26.36,+0.46,-0.01,0,26,卖盘
1368,11:18:32,26.37,+0.50,0.01,1,2637,买盘
1369,11:18:20,26.36,+0.46,-0.01,1,2636,卖盘
1370,11:18:14,26.37,+0.50,0.0,1,2637,买盘
1371,11:18:05,26.37,+0.50,0.0,1,2637,买盘
1372,11:18:02,26.37,+0.50,0.01,2,5274,买盘
1373,11:17:50,26.36,+0.46,-0.01,50,131800,卖盘
1374,11:17:35,26.37,+0.50,0.0,2,5274,买盘
1375,11:17:32,26.37,+0.50,0.01,37,97569,买盘
1376,11:17:26,26.36,+0.46,-0.01,8,21088,卖盘
1377,11:17:17,26.37,+0.50,0.0,6,15822,买盘
1378,11:17:05,26.37,+0.50,0.0,1,2637,买盘
1379,11:16:50,26.37,+0.50,0.0,2,5274,买盘
1380,11:16:44,26.37,+0.50,0.01,3,7911,买盘
1381,11:16:41,26.36,+0.46,-0.01,1,2636,卖盘
1382,11:16:35,26.37,+0.50,0.01,2,5274,买盘
1383,11:16:32,26.36,+0.46,0.0,0,26,卖盘
1384,11:16:23,26.36,+0.46,-0.01,4,10544,卖盘
1385,11:16:14,26.37,+0.50,-0.02,20,52740,卖盘
1386,11:16:04,26.39,+0.57,0.0,0,0,买盘
1387,11:15:46,26.39,+0.57,0.0,28,73892,买盘
1388,11:15:43,26.39,+0.57,0.0,41,108199,买盘
1389,11:15:37,26.39,+0.57,0.0,0,0,买盘
1390,11:15:34,26.39,+0.57,0.0,0,0,买盘
1391,11:15:31,26.39,+0.57,0.02,9,23751,买盘
1392,11:15:25,26.37,+0.50,0.0,8,23707,卖盘
1393,11:15:16,26.37,+0.50,-0.01,3,7911,卖盘
1394,11:15:04,26.38,+0.53,0.01,1,2638,买盘
1395,11:14:58,26.37,+0.50,-0.01,1,2637,卖盘
1396,11:14:55,26.38,+0.53,0.0,2,5276,买盘
1397,11:14:46,26.38,+0.53,-0.01,18,47484,卖盘
1398,11:14:37,26.39,+0.57,-0.01,5,13195,卖盘
1399,11:14:34,26.4,+0.61,0.0,1,2640,买盘
1400,11:14:22,26.4,+0.61,0.0,0,0,买盘
1401,11:14:10,26.4,+0.61,0.0,12,31680,卖盘
1402,11:14:04,26.4,+0.61,-0.01,48,129307,卖盘
1403,11:14:01,26.41,+0.65,0.0,2,5335,买盘
1404,11:13:55,26.41,+0.65,0.0,3,7923,买盘
1405,11:13:55,26.41,+0.65,0.0,3,7923,中性盘
1406,11:13:55,26.41,+0.65,0.0,3,7923,买盘
1407,11:13:52,26.41,+0.65,0.01,1,2641,买盘
1408,11:13:46,26.4,+0.61,-0.01,1,2640,卖盘
1409,11:13:40,26.41,+0.65,-0.01,16,44844,卖盘
1410,11:13:37,26.42,+0.69,0.0,1,2642,买盘
1411,11:13:34,26.42,+0.69,0.0,7,18494,买盘
1412,11:13:28,26.42,+0.69,0.0,8,21136,买盘
1413,11:13:04,26.42,+0.69,0.01,2,5284,买盘
1414,11:13:01,26.41,+0.65,-0.01,1,2641,卖盘
1415,11:12:34,26.42,+0.69,0.0,1,2642,买盘
1416,11:12:31,26.42,+0.69,0.01,1,2642,买盘
1417,11:12:28,26.41,+0.65,-0.01,0,53,卖盘
1418,11:12:16,26.42,+0.69,0.0,55,145310,卖盘
1419,11:12:13,26.42,+0.69,-0.01,2,5284,卖盘
1420,11:12:10,26.43,+0.72,0.01,2,5286,买盘
1421,11:12:07,26.42,+0.69,-0.01,5,13210,卖盘
1422,11:12:04,26.43,+0.72,0.01,2,5286,买盘
1423,11:12:01,26.42,+0.69,0.0,11,29062,卖盘
1424,11:11:52,26.42,+0.69,0.0,10,26420,卖盘
1425,11:11:49,26.42,+0.69,0.0,1,2642,卖盘
1426,11:11:40,26.42,+0.69,-0.01,5,13210,卖盘
1427,11:11:34,26.43,+0.72,0.01,1,2643,买盘
1428,11:11:22,26.42,+0.69,0.0,11,29062,买盘
1429,11:11:04,26.42,+0.69,-0.01,15,39630,卖盘
1430,11:11:01,26.43,+0.72,0.0,2,5286,买盘
1431,11:10:49,26.43,+0.72,0.0,14,37002,买盘
1432,11:10:40,26.43,+0.72,0.0,2,5286,买盘
1433,11:10:37,26.43,+0.72,0.0,2,5286,买盘
1434,11:10:34,26.43,+0.72,0.01,2,5286,买盘
1435,11:10:31,26.42,+0.69,0.0,59,155878,卖盘
1436,11:10:25,26.42,+0.69,0.0,2,5284,卖盘
1437,11:10:19,26.42,+0.69,-0.01,1,2642,卖盘
1438,11:10:13,26.43,+0.72,0.0,4,10572,买盘
1439,11:10:10,26.43,+0.72,0.0,2,5286,买盘
1440,11:10:04,26.43,+0.72,0.0,1,2643,买盘
1441,11:09:57,26.43,+0.72,0.0,3,7929,买盘
1442,11:09:52,26.43,+0.72,0.01,2,5286,买盘
1443,11:09:49,26.42,+0.69,-0.01,4,10568,卖盘
1444,11:09:37,26.43,+0.72,0.0,14,37002,卖盘
1445,11:09:34,26.43,+0.72,0.0,3,7929,卖盘
1446,11:09:09,26.43,+0.72,-0.01,4,10572,卖盘
1447,11:09:03,26.44,+0.76,0.0,1,2644,买盘
1448,11:09:00,26.44,+0.76,0.01,3,7932,买盘
1449,11:08:54,26.43,+0.72,0.0,5,13215,卖盘
1450,11:08:48,26.43,+0.72,0.0,1,2643,卖盘
1451,11:08:45,26.43,+0.72,-0.01,41,108363,卖盘
1452,11:08:39,26.44,+0.76,0.0,2,5288,买盘
1453,11:08:33,26.44,+0.76,0.01,1,2644,买盘
1454,11:08:30,26.43,+0.72,0.01,54,142722,买盘
1455,11:08:24,26.42,+0.69,0.0,3,7926,中性盘
1456,11:08:24,26.42,+0.69,0.0,3,7926,卖盘
1457,11:08:18,26.42,+0.69,0.0,1,2642,卖盘
1458,11:08:15,26.42,+0.69,0.0,1,2642,卖盘
1459,11:08:12,26.42,+0.69,0.0,2,5284,卖盘
1460,11:08:03,26.42,+0.69,0.0,65,171730,买盘
1461,11:07:54,26.42,+0.69,0.0,2,5284,买盘
1462,11:07:36,26.42,+0.69,0.0,2,5284,买盘
1463,11:07:33,26.42,+0.69,0.0,1,2642,买盘
1464,11:07:21,26.42,+0.69,0.0,27,71334,卖盘
1465,11:07:18,26.42,+0.69,-0.01,2,5284,卖盘
1466,11:07:12,26.43,+0.72,0.0,10,26430,买盘
1467,11:07:06,26.43,+0.72,0.0,2,5286,买盘
1468,11:07:03,26.43,+0.72,0.01,2,5286,买盘
1469,11:07:00,26.42,+0.69,0.0,14,36988,买盘
1470,11:06:45,26.42,+0.69,0.01,5,13210,买盘
1471,11:06:36,26.41,+0.65,-0.01,1,2641,卖盘
1472,11:06:33,26.42,+0.69,0.0,1,2642,买盘
1473,11:06:30,26.42,+0.69,0.0,0,0,买盘
1474,11:06:27,26.42,+0.69,0.0,4,10568,买盘
1475,11:06:24,26.42,+0.69,0.02,3,7926,买盘
1476,11:06:21,26.4,+0.61,0.0,0,0,卖盘
1477,11:06:18,26.4,+0.61,0.0,0,0,卖盘
1478,11:06:15,26.4,+0.61,-0.03,30,79200,卖盘
1479,11:06:06,26.43,+0.72,0.02,11,29073,买盘
1480,11:06:03,26.41,+0.65,0.01,1,2641,买盘
1481,11:05:54,26.4,+0.61,0.0,0,0,卖盘
1482,11:05:51,26.4,+0.61,-0.02,17,44880,卖盘
1483,11:05:45,26.42,+0.69,-0.01,10,26420,卖盘
1484,11:05:36,26.43,+0.72,0.0,15,39645,买盘
1485,11:05:33,26.43,+0.72,0.01,3,7929,买盘
1486,11:05:30,26.42,+0.69,-0.01,4,10568,买盘
1487,11:05:24,26.43,+0.72,0.0,50,132150,中性盘
1488,11:05:21,26.43,+0.72,0.0,1,2643,卖盘
1489,11:05:18,26.43,+0.72,0.0,25,66075,卖盘
1490,11:05:15,26.43,+0.72,0.01,12,31716,买盘
1491,11:05:12,26.42,+0.69,-0.01,1,2642,卖盘
1492,11:05:03,26.43,+0.72,0.0,0,0,买盘
1493,11:04:57,26.43,+0.72,0.0,4,10572,买盘
1494,11:04:54,26.43,+0.72,-0.01,7,18501,卖盘
1495,11:04:51,26.44,+0.76,0.0,1,2644,买盘
1496,11:04:45,26.44,+0.76,0.02,15,39660,买盘
1497,11:04:42,26.42,+0.69,0.0,0,0,卖盘
1498,11:04:39,26.42,+0.69,-0.02,1,2642,卖盘
1499,11:04:36,26.44,+0.76,0.0,3,7932,买盘
1500,11:04:33,26.44,+0.76,0.0,0,0,买盘
1501,11:04:30,26.44,+0.76,0.0,5,13220,买盘
1502,11:04:27,26.44,+0.76,0.0,8,21152,卖盘
1503,11:04:21,26.44,+0.76,0.0,3,7932,卖盘
1504,11:04:18,26.44,+0.76,0.0,3,7932,卖盘
1505,11:04:12,26.44,+0.76,-0.01,20,52880,卖盘
1506,11:04:09,26.45,+0.80,0.01,68,179860,买盘
1507,11:04:03,26.44,+0.76,0.0,7,18508,卖盘
1508,11:03:54,26.44,+0.76,0.04,4,10576,买盘
1509,11:03:51,26.4,+0.61,0.0,1,2640,卖盘
1510,11:03:45,26.4,+0.61,0.0,139,366960,买盘
1511,11:03:42,26.4,+0.61,0.0,500,1320000,买盘
1512,11:03:33,26.4,+0.61,0.0,3,7920,买盘
1513,11:03:30,26.4,+0.61,0.0,9,23760,买盘
1514,11:03:27,26.4,+0.61,0.0,28,73920,买盘
1515,11:03:21,26.4,+0.61,0.0,7,18480,买盘
1516,11:03:18,26.4,+0.61,0.0,52,137280,买盘
1517,11:03:03,26.4,+0.61,0.01,1,2640,买盘
1518,11:02:36,26.39,+0.57,0.0,10,26390,中性盘
1519,11:02:36,26.39,+0.57,-0.01,10,26390,卖盘
1520,11:02:33,26.4,+0.61,0.01,1,2640,买盘
1521,11:02:18,26.39,+0.57,-0.01,2,5304,卖盘
1522,11:02:15,26.4,+0.61,0.0,3,7920,买盘
1523,11:02:06,26.4,+0.61,0.0,33,87120,买盘
1524,11:02:03,26.4,+0.61,0.0,2,5280,买盘
1525,11:01:57,26.4,+0.61,0.0,3,7920,买盘
1526,11:01:48,26.4,+0.61,0.0,2,5280,买盘
1527,11:01:45,26.4,+0.61,0.0,40,105600,买盘
1528,11:01:42,26.4,+0.61,0.0,4,10560,买盘
1529,11:01:39,26.4,+0.61,0.01,3,7920,买盘
1530,11:01:33,26.39,+0.57,0.01,4,12667,买盘
1531,11:01:30,26.38,+0.53,-0.01,1,2638,卖盘
1532,11:01:24,26.39,+0.57,0.0,0,0,买盘
1533,11:01:21,26.39,+0.57,0.01,500,1319500,买盘
1534,11:01:08,26.38,+0.53,0.0,2,5276,买盘
1535,11:01:02,26.38,+0.53,0.01,2,5276,买盘
1536,11:00:59,26.37,+0.50,-0.02,1,2637,卖盘
1537,11:00:56,26.39,+0.57,0.0,0,0,买盘
1538,11:00:47,26.39,+0.57,0.01,40,105560,买盘
1539,11:00:44,26.38,+0.53,-0.01,5,13190,卖盘
1540,11:00:41,26.39,+0.57,0.0,0,0,买盘
1541,11:00:38,26.39,+0.57,0.0,7,18473,买盘
1542,11:00:35,26.39,+0.57,0.01,300,791700,买盘
1543,11:00:32,26.38,+0.53,0.01,1,2638,买盘
1544,11:00:29,26.37,+0.50,0.0,1,2637,卖盘
1545,11:00:23,26.37,+0.50,0.01,191,503693,买盘
1546,11:00:14,26.36,+0.46,0.0,2,5272,卖盘
1547,11:00:11,26.36,+0.46,-0.01,27,71172,卖盘
1548,11:00:08,26.37,+0.50,0.01,50,131850,买盘
1549,11:00:05,26.36,+0.46,-0.01,1,2636,卖盘
1550,11:00:02,26.37,+0.50,0.0,2,5274,买盘
1551,10:59:59,26.37,+0.50,0.0,114,300618,买盘
1552,10:59:50,26.37,+0.50,0.01,2,5274,买盘
1553,10:59:47,26.36,+0.46,0.0,94,247784,卖盘
1554,10:59:41,26.36,+0.46,0.0,2,5272,卖盘
1555,10:59:38,26.36,+0.46,0.0,2,5272,卖盘
1556,10:59:35,26.36,+0.46,-0.01,0,53,卖盘
1557,10:59:32,26.37,+0.50,0.01,4,10548,买盘
1558,10:59:05,26.36,+0.46,0.0,2,5272,买盘
1559,10:59:02,26.36,+0.46,0.0,1,2636,买盘
1560,10:58:56,26.36,+0.46,0.0,5,13180,卖盘
1561,10:58:53,26.36,+0.46,-0.01,8,21088,卖盘
1562,10:58:47,26.37,+0.50,0.01,2,5274,买盘
1563,10:58:44,26.36,+0.46,0.0,1,2636,卖盘
1564,10:58:41,26.36,+0.46,-0.01,7,18452,卖盘
1565,10:58:35,26.37,+0.50,0.0,13,34281,买盘
1566,10:58:32,26.37,+0.50,-0.02,145,384976,卖盘
1567,10:58:17,26.39,+0.57,0.0,30,79170,买盘
1568,10:58:14,26.39,+0.57,0.01,38,100282,买盘
1569,10:58:11,26.38,+0.53,0.0,4,10552,卖盘
1570,10:58:08,26.38,+0.53,0.0,5,13190,卖盘
1571,10:58:02,26.38,+0.53,0.0,3,7914,卖盘
1572,10:57:59,26.38,+0.53,0.0,4,10552,卖盘
1573,10:57:35,26.38,+0.53,0.0,4,10552,卖盘
1574,10:57:35,26.38,+0.53,0.0,4,10552,中性盘
1575,10:57:35,26.38,+0.53,-0.01,4,10552,卖盘
1576,10:57:32,26.39,+0.57,0.0,6,15834,买盘
1577,10:57:26,26.39,+0.57,0.0,159,419601,买盘
1578,10:57:20,26.39,+0.57,0.0,4,10556,买盘
1579,10:57:17,26.39,+0.57,0.0,9,23751,买盘
1580,10:57:08,26.39,+0.57,0.0,1,2639,买盘
1581,10:57:02,26.39,+0.57,0.01,2,5278,买盘
1582,10:56:59,26.38,+0.53,-0.01,2,5276,卖盘
1583,10:56:47,26.39,+0.57,0.01,87,229593,买盘
1584,10:56:44,26.38,+0.53,-0.01,1,2638,卖盘
1585,10:56:41,26.39,+0.57,0.0,4,10556,买盘
1586,10:56:32,26.39,+0.57,0.0,5,13195,买盘
1587,10:56:29,26.39,+0.57,0.0,36,95004,买盘
1588,10:56:17,26.39,+0.57,0.01,23,60697,买盘
1589,10:56:08,26.38,+0.53,-0.01,10,26380,卖盘
1590,10:56:05,26.39,+0.57,0.0,10,26390,买盘
1591,10:56:02,26.39,+0.57,0.0,1,2639,买盘
1592,10:55:53,26.39,+0.57,0.0,22,58058,买盘
1593,10:55:50,26.39,+0.57,0.01,70,184730,买盘
1594,10:55:47,26.38,+0.53,-0.01,7,18466,卖盘
1595,10:55:32,26.39,+0.57,0.0,3,7917,买盘
1596,10:55:29,26.39,+0.57,0.0,22,58058,买盘
1597,10:55:20,26.39,+0.57,-0.01,75,197925,卖盘
1598,10:55:17,26.4,+0.61,0.01,2,5280,买盘
1599,10:55:11,26.39,+0.57,0.0,101,266539,卖盘
1600,10:55:05,26.39,+0.57,-0.01,20,52780,卖盘
1601,10:54:59,26.4,+0.61,0.01,2,5280,买盘
1602,10:54:50,26.39,+0.57,-0.01,1,2639,卖盘
1603,10:54:47,26.4,+0.61,0.0,36,95040,买盘
1604,10:54:35,26.4,+0.61,0.01,1,2640,买盘
1605,10:54:20,26.39,+0.57,0.0,1,2639,卖盘
1606,10:54:11,26.39,+0.57,0.0,4,10556,卖盘
1607,10:54:05,26.39,+0.57,0.0,3,7917,卖盘
1608,10:54:02,26.39,+0.57,0.0,2,5278,卖盘
1609,10:53:56,26.39,+0.57,0.0,4,10556,卖盘
1610,10:53:50,26.39,+0.57,0.0,17,44863,卖盘
1611,10:53:47,26.39,+0.57,0.0,2,5278,卖盘
1612,10:53:35,26.39,+0.57,0.0,12,31668,卖盘
1613,10:53:07,26.39,+0.57,-0.01,2,5278,卖盘
1614,10:53:04,26.4,+0.61,0.01,2,5280,买盘
1615,10:53:01,26.39,+0.57,0.0,38,100282,卖盘
1616,10:52:43,26.39,+0.57,0.0,9,23751,买盘
1617,10:52:37,26.39,+0.57,0.0,2,5278,买盘
1618,10:52:34,26.39,+0.57,0.0,3,7917,买盘
1619,10:52:31,26.39,+0.57,0.0,2,5278,买盘
1620,10:52:19,26.39,+0.57,-0.01,4,10556,卖盘
1621,10:52:10,26.4,+0.61,0.0,0,0,买盘
1622,10:52:07,26.4,+0.61,0.0,7,18480,中性盘
1623,10:52:07,26.4,+0.61,0.0,7,18480,买盘
1624,10:52:04,26.4,+0.61,0.0,2,5280,买盘
1625,10:51:58,26.4,+0.61,0.0,6,15840,买盘
1626,10:51:43,26.4,+0.61,0.01,1,2640,买盘
1627,10:51:40,26.39,+0.57,-0.01,1,2639,卖盘
1628,10:51:37,26.4,+0.61,0.0,2,5280,买盘
1629,10:51:34,26.4,+0.61,0.0,3,7920,买盘
1630,10:51:31,26.4,+0.61,0.01,31,81840,买盘
1631,10:51:25,26.39,+0.57,-0.01,54,142506,卖盘
1632,10:51:22,26.4,+0.61,0.0,5,13200,买盘
1633,10:51:16,26.4,+0.61,0.01,40,105600,买盘
1634,10:51:13,26.39,+0.57,0.0,3,7917,卖盘
1635,10:51:10,26.39,+0.57,0.0,6,15834,卖盘
1636,10:51:07,26.39,+0.57,-0.01,6,15834,卖盘
1637,10:51:04,26.4,+0.61,0.0,4,10560,买盘
1638,10:51:01,26.4,+0.61,0.0,5,13200,买盘
1639,10:50:55,26.4,+0.61,0.0,2,5280,买盘
1640,10:50:52,26.4,+0.61,0.0,3,7920,买盘
1641,10:50:46,26.4,+0.61,0.0,10,26400,买盘
1642,10:50:43,26.4,+0.61,0.0,115,303600,买盘
1643,10:50:40,26.4,+0.61,0.0,4,10560,买盘
1644,10:50:37,26.4,+0.61,0.0,5,13200,买盘
1645,10:50:34,26.4,+0.61,0.0,2,5280,买盘
1646,10:50:16,26.4,+0.61,0.01,2,5280,买盘
1647,10:50:07,26.39,+0.57,-0.01,2,5278,卖盘
1648,10:50:04,26.4,+0.61,0.01,1,2640,买盘
1649,10:49:43,26.39,+0.57,0.0,2,5278,卖盘
1650,10:49:34,26.39,+0.57,-0.01,13,34307,卖盘
1651,10:49:31,26.4,+0.61,0.01,2,5280,买盘
1652,10:49:28,26.39,+0.57,0.01,15,39585,买盘
1653,10:49:25,26.38,+0.53,0.0,10,26380,卖盘
1654,10:49:13,26.38,+0.53,0.0,7,18466,卖盘
1655,10:49:10,26.38,+0.53,-0.01,2,5276,卖盘
1656,10:49:07,26.39,+0.57,0.0,3,7943,买盘
1657,10:49:04,26.39,+0.57,0.0,2,5278,买盘
1658,10:48:34,26.39,+0.57,0.01,1,2639,买盘
1659,10:48:28,26.38,+0.53,-0.01,4,10552,卖盘
1660,10:48:22,26.39,+0.57,0.0,3,7917,买盘
1661,10:48:19,26.39,+0.57,0.0,5,13195,买盘
1662,10:48:13,26.39,+0.57,-0.01,21,58032,卖盘
1663,10:48:10,26.4,+0.61,0.01,3,7920,买盘
1664,10:48:07,26.39,+0.57,-0.01,5,13195,卖盘
1665,10:48:04,26.4,+0.61,0.01,2,5280,买盘
1666,10:48:01,26.39,+0.57,0.0,1,2639,卖盘
1667,10:47:55,26.39,+0.57,-0.01,4,10556,卖盘
1668,10:47:52,26.4,+0.61,0.01,1,2640,买盘
1669,10:47:49,26.39,+0.57,-0.01,1,2639,卖盘
1670,10:47:46,26.4,+0.61,0.0,40,105600,买盘
1671,10:47:43,26.4,+0.61,0.0,9,23760,买盘
1672,10:47:34,26.4,+0.61,0.01,1,2640,买盘
1673,10:47:28,26.39,+0.57,-0.01,5,13195,卖盘
1674,10:47:16,26.4,+0.61,0.01,1,2640,买盘
1675,10:47:07,26.39,+0.57,-0.01,2,5278,卖盘
1676,10:47:04,26.4,+0.61,0.01,3,7920,买盘
1677,10:47:01,26.39,+0.57,0.0,5,13195,卖盘
1678,10:46:55,26.39,+0.57,0.0,1,2639,卖盘
1679,10:46:40,26.39,+0.57,0.0,5,13195,中性盘
1680,10:46:40,26.39,+0.57,-0.01,5,13195,卖盘
1681,10:46:33,26.4,+0.61,0.01,5,13200,买盘
1682,10:46:27,26.39,+0.57,0.0,3,7943,买盘
1683,10:46:21,26.39,+0.57,0.0,6,18447,卖盘
1684,10:46:15,26.39,+0.57,0.0,5,13195,卖盘
1685,10:46:06,26.39,+0.57,-0.01,3,7917,卖盘
1686,10:46:03,26.4,+0.61,0.0,29,76560,买盘
1687,10:46:00,26.4,+0.61,0.0,39,102960,买盘
1688,10:45:57,26.4,+0.61,0.0,267,704880,买盘
1689,10:45:54,26.4,+0.61,-0.03,1098,2898720,卖盘
1690,10:45:51,26.43,+0.72,0.01,1,2643,买盘
1691,10:45:45,26.42,+0.69,0.0,24,63408,卖盘
1692,10:45:33,26.42,+0.69,0.0,0,0,卖盘
1693,10:45:30,26.42,+0.69,0.0,5,13210,卖盘
1694,10:45:24,26.42,+0.69,0.0,10,26420,卖盘
1695,10:45:15,26.42,+0.69,0.0,3,7926,卖盘
1696,10:45:12,26.42,+0.69,0.0,15,39630,卖盘
1697,10:45:06,26.42,+0.69,-0.03,2,5284,卖盘
1698,10:45:03,26.45,+0.80,0.0,0,0,买盘
1699,10:44:54,26.45,+0.80,0.0,0,0,买盘
1700,10:44:51,26.45,+0.80,-0.02,1057,2795765,卖盘
1701,10:44:42,26.47,+0.88,0.01,46,121762,买盘
1702,10:44:39,26.46,+0.84,-0.01,100,264600,卖盘
1703,10:44:33,26.47,+0.88,0.0,602,1593494,买盘
1704,10:44:24,26.47,+0.88,0.0,0,0,买盘
1705,10:44:21,26.47,+0.88,0.0,857,2268479,卖盘
1706,10:44:18,26.47,+0.88,-0.01,1,2647,卖盘
1707,10:44:15,26.48,+0.91,0.0,3,7944,买盘
1708,10:44:12,26.48,+0.91,0.01,40,105920,买盘
1709,10:44:06,26.47,+0.88,0.0,6,15882,卖盘
1710,10:44:03,26.47,+0.88,0.0,6,15882,卖盘
1711,10:43:57,26.47,+0.88,0.0,1,2647,卖盘
1712,10:43:54,26.47,+0.88,0.0,50,132350,卖盘
1713,10:43:48,26.47,+0.88,0.01,971,2570237,买盘
1714,10:43:45,26.46,+0.84,0.01,9,23814,买盘
1715,10:43:36,26.45,+0.80,0.05,9,23805,买盘
1716,10:43:33,26.4,+0.61,0.0,0,0,卖盘
1717,10:43:30,26.4,+0.61,0.0,6,15840,卖盘
1718,10:43:27,26.4,+0.61,0.0,2,5280,卖盘
1719,10:43:24,26.4,+0.61,0.0,6,15840,卖盘
1720,10:43:18,26.4,+0.61,0.0,338,893033,买盘
1721,10:43:09,26.4,+0.61,-0.02,1161,3066994,卖盘
1722,10:43:06,26.42,+0.69,0.0,6,15852,卖盘
1723,10:43:03,26.42,+0.69,0.0,1,2642,卖盘
1724,10:43:00,26.42,+0.69,0.0,21,56169,买盘
1725,10:42:45,26.42,+0.69,0.0,700,1849400,买盘
1726,10:42:36,26.42,+0.69,-0.05,779,2060073,卖盘
1727,10:42:33,26.47,+0.88,0.0,63,166761,卖盘
1728,10:42:30,26.47,+0.88,0.0,10,26470,买盘
1729,10:42:27,26.47,+0.88,0.0,8,21176,买盘
1730,10:42:18,26.47,+0.88,0.03,2,5294,买盘
1731,10:42:15,26.44,+0.76,0.0,0,0,卖盘
1732,10:42:03,26.44,+0.76,-0.05,0,53,卖盘
1733,10:41:54,26.49,+0.95,0.05,5,13245,买盘
1734,10:41:51,26.44,+0.76,-0.05,6,15864,卖盘
1735,10:41:48,26.49,+0.95,0.0,0,0,买盘
1736,10:41:45,26.49,+0.95,0.05,333,882117,买盘
1737,10:41:42,26.44,+0.76,0.0,0,0,卖盘
1738,10:41:36,26.44,+0.76,0.0,0,0,卖盘
1739,10:41:33,26.44,+0.76,0.0,804,2126411,买盘
1740,10:41:27,26.44,+0.76,0.0,1,2644,买盘
1741,10:41:18,26.44,+0.76,-0.04,195,517589,卖盘
1742,10:41:15,26.48,+0.91,0.0,126,334284,卖盘
1743,10:41:15,26.48,+0.91,0.0,126,334284,中性盘
1744,10:41:15,26.48,+0.91,0.0,126,334284,买盘
1745,10:41:12,26.48,+0.91,0.02,143,378664,买盘
1746,10:41:03,26.46,+0.84,-0.01,2,5292,买盘
1747,10:41:00,26.47,+0.88,0.0,0,0,买盘
1748,10:40:57,26.47,+0.88,0.02,8,21176,买盘
1749,10:40:54,26.45,+0.80,-0.01,24,63480,卖盘
1750,10:40:45,26.46,+0.84,0.0,24,63504,买盘
1751,10:40:36,26.46,+0.84,0.0,1,2646,买盘
1752,10:40:33,26.46,+0.84,0.01,5,13230,卖盘
1753,10:40:30,26.45,+0.80,0.0,0,0,卖盘
1754,10:40:27,26.45,+0.80,-0.02,40,105800,卖盘
1755,10:40:24,26.47,+0.88,0.0,41,108527,买盘
1756,10:40:15,26.47,+0.88,-0.01,11,29117,中性盘
1757,10:40:12,26.48,+0.91,0.02,100,264800,买盘
1758,10:40:03,26.46,+0.84,-0.01,2,5292,卖盘
1759,10:40:00,26.47,+0.88,0.0,0,0,买盘
1760,10:39:57,26.47,+0.88,0.0,9,23823,卖盘
1761,10:39:54,26.47,+0.88,0.0,6,15882,卖盘
1762,10:39:45,26.47,+0.88,-0.01,1,2647,中性盘
1763,10:39:42,26.48,+0.91,0.02,105,278040,买盘
1764,10:39:36,26.46,+0.84,-0.01,11,29106,卖盘
1765,10:39:33,26.47,+0.88,0.01,2,5294,买盘
1766,10:39:21,26.46,+0.84,-0.01,3,7938,卖盘
1767,10:39:18,26.47,+0.88,0.01,9,23823,买盘
1768,10:39:15,26.46,+0.84,-0.01,10,26460,卖盘
1769,10:39:12,26.47,+0.88,0.01,9,23823,买盘
1770,10:39:09,26.46,+0.84,-0.01,20,52920,卖盘
1771,10:39:03,26.47,+0.88,0.01,1,2647,买盘
1772,10:39:00,26.46,+0.84,0.01,1,2646,买盘
1773,10:38:51,26.45,+0.80,-0.02,1,2645,卖盘
1774,10:38:45,26.47,+0.88,0.0,0,0,买盘
1775,10:38:42,26.47,+0.88,0.02,204,539988,买盘
1776,10:38:39,26.45,+0.80,-0.01,3,7961,卖盘
1777,10:38:33,26.46,+0.84,0.01,4,10584,买盘
1778,10:38:30,26.45,+0.80,-0.01,1,2645,卖盘
1779,10:38:24,26.46,+0.84,-0.01,4,10584,中性盘
1780,10:38:15,26.47,+0.88,0.0,8,21176,买盘
1781,10:38:11,26.47,+0.88,0.01,200,529400,买盘
1782,10:38:08,26.46,+0.84,0.02,2,5292,买盘
1783,10:38:05,26.44,+0.76,-0.01,7,18508,买盘
1784,10:38:02,26.45,+0.80,0.0,48,126960,卖盘
1785,10:37:59,26.45,+0.80,0.01,68,179860,买盘
1786,10:37:50,26.44,+0.76,0.0,1,2644,买盘
1787,10:37:47,26.44,+0.76,0.01,4,10576,卖盘
1788,10:37:44,26.43,+0.72,0.0,0,0,卖盘
1789,10:37:41,26.43,+0.72,-0.01,1,2643,卖盘
1790,10:37:35,26.44,+0.76,-0.01,1,2644,卖盘
1791,10:37:32,26.45,+0.80,0.0,0,0,买盘
1792,10:37:20,26.45,+0.80,0.0,200,529000,买盘
1793,10:37:14,26.45,+0.80,0.0,38,100510,买盘
1794,10:37:11,26.45,+0.80,0.0,100,264500,买盘
1795,10:37:08,26.45,+0.80,-0.02,158,417910,卖盘
1796,10:37:02,26.47,+0.88,0.0,2,5294,买盘
1797,10:36:53,26.47,+0.88,0.0,4,10588,买盘
1798,10:36:50,26.47,+0.88,0.01,2,5294,买盘
1799,10:36:41,26.46,+0.84,0.04,116,306936,买盘
1800,10:36:32,26.42,+0.69,0.01,1,2642,买盘
1801,10:36:20,26.41,+0.65,0.0,0,26,卖盘
1802,10:36:14,26.41,+0.65,-0.01,2,5282,卖盘
1803,10:36:05,26.42,+0.69,0.01,2,5284,卖盘
1804,10:36:02,26.41,+0.65,0.0,0,0,卖盘
1805,10:35:59,26.41,+0.65,-0.04,17,44897,卖盘
1806,10:35:56,26.45,+0.80,0.03,327,864915,买盘
1807,10:35:53,26.42,+0.69,0.01,8,21136,买盘
1808,10:35:50,26.41,+0.65,0.0,3,7923,卖盘
1809,10:35:47,26.41,+0.65,0.0,1,2641,中性盘
1810,10:35:47,26.41,+0.65,-0.01,1,2641,中性盘
1811,10:35:44,26.42,+0.69,0.0,2,5284,卖盘
1812,10:35:41,26.42,+0.69,0.0,201,531042,卖盘
1813,10:35:38,26.42,+0.69,-0.04,6,15852,卖盘
1814,10:35:32,26.46,+0.84,0.0,0,0,买盘
1815,10:35:29,26.46,+0.84,0.0,55,147435,卖盘
1816,10:35:26,26.46,+0.84,0.0,73,193158,卖盘
1817,10:35:23,26.46,+0.84,0.0,6,15876,卖盘
1818,10:35:17,26.46,+0.84,0.0,1,2646,卖盘
1819,10:35:14,26.46,+0.84,0.0,12,31752,卖盘
1820,10:35:11,26.46,+0.84,0.04,96,254757,买盘
1821,10:35:08,26.42,+0.69,0.0,3,7926,买盘
1822,10:35:05,26.42,+0.69,-0.01,9,23778,卖盘
1823,10:35:02,26.43,+0.72,0.01,2,5286,买盘
1824,10:34:56,26.42,+0.69,0.0,2,5284,卖盘
1825,10:34:50,26.42,+0.69,0.0,3,7926,卖盘
1826,10:34:47,26.42,+0.69,-0.03,3,7926,卖盘
1827,10:34:35,26.45,+0.80,0.0,0,0,买盘
1828,10:34:32,26.45,+0.80,0.0,0,0,买盘
1829,10:34:23,26.45,+0.80,0.04,1,2645,买盘
1830,10:34:11,26.41,+0.65,0.0,3,7923,中性盘
1831,10:34:05,26.41,+0.65,-0.04,2,5282,卖盘
1832,10:33:50,26.45,+0.80,0.0,2,5290,买盘
1833,10:33:47,26.45,+0.80,-0.01,4,13172,卖盘
1834,10:33:44,26.46,+0.84,0.05,40,105893,买盘
1835,10:33:41,26.41,+0.65,-0.05,114,301074,卖盘
1836,10:33:32,26.46,+0.84,0.07,1,2646,买盘
1837,10:33:29,26.39,+0.57,0.0,0,0,卖盘
1838,10:33:20,26.39,+0.57,-0.08,4,10556,卖盘
1839,10:33:11,26.47,+0.88,0.0,0,0,买盘
1840,10:33:08,26.47,+0.88,0.09,107,283229,买盘
1841,10:33:05,26.38,+0.53,0.0,0,0,卖盘
1842,10:32:59,26.38,+0.53,0.0,0,0,卖盘
1843,10:32:56,26.38,+0.53,-0.08,27,71226,卖盘
1844,10:32:53,26.46,+0.84,0.01,2,5292,中性盘
1845,10:32:50,26.45,+0.80,0.0,0,0,中性盘
1846,10:32:47,26.45,+0.80,0.0,0,0,中性盘
1847,10:32:44,26.45,+0.80,-0.02,106,280370,卖盘
1848,10:32:41,26.47,+0.88,0.02,162,428814,买盘
1849,10:32:38,26.45,+0.80,0.0,37,97865,买盘
1850,10:32:35,26.45,+0.80,0.01,5,13225,买盘
1851,10:32:32,26.44,+0.76,0.01,1,2644,中性盘
1852,10:32:29,26.43,+0.72,-0.01,14,37002,卖盘
1853,10:32:26,26.44,+0.76,0.0,8,21152,卖盘
1854,10:32:23,26.44,+0.76,0.0,2,5288,卖盘
1855,10:32:20,26.44,+0.76,0.0,1,2644,卖盘
1856,10:32:08,26.44,+0.76,-0.01,5,13220,卖盘
1857,10:32:05,26.45,+0.80,0.01,1,2645,买盘
1858,10:32:02,26.44,+0.76,0.01,16,42304,买盘
1859,10:31:56,26.43,+0.72,-0.01,30,79290,卖盘
1860,10:31:53,26.44,+0.76,0.01,6,15864,买盘
1861,10:31:44,26.43,+0.72,0.01,1,2643,卖盘
1862,10:31:41,26.42,+0.69,0.03,21,55482,买盘
1863,10:31:38,26.39,+0.57,0.01,2,5278,卖盘
1864,10:31:35,26.38,+0.53,0.0,1,2638,卖盘
1865,10:31:32,26.38,+0.53,0.01,15,39570,中性盘
1866,10:31:29,26.37,+0.50,0.0,5,13185,卖盘
1867,10:31:17,26.37,+0.50,-0.02,5,13185,卖盘
1868,10:31:14,26.39,+0.57,0.0,24,63336,卖盘
1869,10:31:11,26.39,+0.57,-0.01,6,15834,卖盘
1870,10:31:08,26.4,+0.61,0.0,2,5280,中性盘
1871,10:31:05,26.4,+0.61,0.0,1,2640,买盘
1872,10:31:02,26.4,+0.61,0.0,283,747120,卖盘
1873,10:30:55,26.4,+0.61,-0.04,5,13200,卖盘
1874,10:30:52,26.44,+0.76,0.04,5,13220,买盘
1875,10:30:49,26.4,+0.61,-0.05,870,2296800,卖盘
1876,10:30:46,26.45,+0.80,-0.02,46,121670,卖盘
1877,10:30:43,26.47,+0.88,0.0,1,2647,买盘
1878,10:30:40,26.47,+0.88,0.0,61,163955,卖盘
1879,10:30:34,26.47,+0.88,0.0,29,76763,卖盘
1880,10:30:16,26.47,+0.88,0.0,14,37058,中性盘
1881,10:30:16,26.47,+0.88,0.0,14,37058,卖盘
1882,10:30:13,26.47,+0.88,0.01,408,1080135,买盘
1883,10:30:10,26.46,+0.84,0.02,101,267246,买盘
1884,10:30:07,26.44,+0.76,0.0,0,0,中性盘
1885,10:30:04,26.44,+0.76,0.0,6,15864,卖盘
1886,10:30:01,26.44,+0.76,0.0,536,1417184,卖盘
1887,10:29:55,26.44,+0.76,-0.01,2,5288,卖盘
1888,10:29:52,26.45,+0.80,0.01,2,5290,买盘
1889,10:29:46,26.44,+0.76,-0.01,1,2644,卖盘
1890,10:29:40,26.45,+0.80,-0.01,23,63401,卖盘
1891,10:29:34,26.46,+0.84,0.01,205,542430,买盘
1892,10:29:28,26.45,+0.80,0.0,52,137540,卖盘
1893,10:29:19,26.45,+0.80,0.0,148,391460,卖盘
1894,10:29:13,26.45,+0.80,-0.01,0,26,卖盘
1895,10:29:10,26.46,+0.84,0.01,16,42336,买盘
1896,10:29:07,26.45,+0.80,-0.01,4,10580,卖盘
1897,10:29:04,26.46,+0.84,0.0,2,5292,买盘
1898,10:29:01,26.46,+0.84,0.01,1,2646,买盘
1899,10:28:55,26.45,+0.80,0.0,2,5290,卖盘
1900,10:28:52,26.45,+0.80,0.0,3,7935,卖盘
1901,10:28:49,26.45,+0.80,0.0,2,5290,卖盘
1902,10:28:43,26.45,+0.80,-0.01,1,2645,卖盘
1903,10:28:34,26.46,+0.84,0.0,1,2646,买盘
1904,10:28:31,26.46,+0.84,0.01,38,100548,买盘
1905,10:28:13,26.45,+0.80,0.0,1,2645,卖盘
1906,10:28:10,26.45,+0.80,0.0,5,13225,卖盘
1907,10:28:07,26.45,+0.80,-0.01,21,55545,卖盘
1908,10:28:04,26.46,+0.84,0.01,1,2646,买盘
1909,10:27:58,26.45,+0.80,0.0,1,2645,卖盘
1910,10:27:55,26.45,+0.80,0.0,10,26450,卖盘
1911,10:27:49,26.45,+0.80,-0.01,136,359720,卖盘
1912,10:27:34,26.46,+0.84,0.01,2,5292,买盘
1913,10:27:31,26.45,+0.80,0.0,0,53,卖盘
1914,10:27:19,26.45,+0.80,-0.01,2,5290,卖盘
1915,10:27:16,26.46,+0.84,0.01,30,79380,买盘
1916,10:27:13,26.45,+0.80,0.0,6,15870,卖盘
1917,10:27:10,26.45,+0.80,-0.01,21,55545,卖盘
1918,10:27:07,26.46,+0.84,0.0,1,2646,买盘
1919,10:27:04,26.46,+0.84,0.0,1,2646,买盘
1920,10:26:49,26.46,+0.84,-0.01,42,113752,卖盘
1921,10:26:46,26.47,+0.88,0.01,36,95292,买盘
1922,10:26:40,26.46,+0.84,0.0,57,150822,卖盘
1923,10:26:37,26.46,+0.84,-0.01,149,394254,卖盘
1924,10:26:34,26.47,+0.88,0.01,2,5294,买盘
1925,10:26:28,26.46,+0.84,0.0,0,26,卖盘
1926,10:26:22,26.46,+0.84,0.0,1,2646,卖盘
1927,10:26:16,26.46,+0.84,0.0,4,10584,卖盘
1928,10:26:10,26.46,+0.84,-0.01,56,148176,卖盘
1929,10:26:07,26.47,+0.88,0.0,2,5294,买盘
1930,10:26:04,26.47,+0.88,0.01,3,7941,买盘
1931,10:25:55,26.46,+0.84,-0.01,20,52920,卖盘
1932,10:25:34,26.47,+0.88,0.0,9,26417,卖盘
1933,10:25:19,26.47,+0.88,0.0,1,2647,卖盘
1934,10:25:15,26.47,+0.88,0.0,1,2647,卖盘
1935,10:25:09,26.47,+0.88,0.0,0,53,卖盘
1936,10:25:06,26.47,+0.88,-0.01,200,529400,卖盘
1937,10:25:03,26.48,+0.91,0.0,9,23832,买盘
1938,10:25:00,26.48,+0.91,0.0,2,5296,买盘
1939,10:24:57,26.48,+0.91,0.0,38,100624,买盘
1940,10:24:54,26.48,+0.91,0.0,149,394552,中性盘
1941,10:24:54,26.48,+0.91,0.0,149,394552,卖盘
1942,10:24:51,26.48,+0.91,0.0,50,132400,卖盘
1943,10:24:48,26.48,+0.91,0.0,1,2648,卖盘
1944,10:24:36,26.48,+0.91,-0.01,2,5296,卖盘
1945,10:24:33,26.49,+0.95,0.01,2,5298,买盘
1946,10:24:30,26.48,+0.91,0.0,1,2648,卖盘
1947,10:24:24,26.48,+0.91,-0.01,5,13240,卖盘
1948,10:24:21,26.49,+0.95,0.01,80,211920,买盘
1949,10:24:18,26.48,+0.91,0.0,50,132400,卖盘
1950,10:24:15,26.48,+0.91,0.0,11,29128,卖盘
1951,10:24:12,26.48,+0.91,-0.01,6,15888,卖盘
1952,10:24:03,26.49,+0.95,0.01,2,5298,买盘
1953,10:24:00,26.48,+0.91,-0.01,5,13240,卖盘
1954,10:23:57,26.49,+0.95,0.01,202,535098,买盘
1955,10:23:54,26.48,+0.91,0.0,4,10592,卖盘
1956,10:23:51,26.48,+0.91,0.0,2,5296,卖盘
1957,10:23:48,26.48,+0.91,0.0,1,2648,卖盘
1958,10:23:45,26.48,+0.91,-0.01,7,18536,卖盘
1959,10:23:42,26.49,+0.95,0.0,34,90066,卖盘
1960,10:23:39,26.49,+0.95,-0.01,2,5298,卖盘
1961,10:23:33,26.5,+0.99,0.0,5,13250,买盘
1962,10:23:15,26.5,+0.99,0.01,39,103350,买盘
1963,10:23:06,26.49,+0.95,0.0,130,344370,买盘
1964,10:23:03,26.49,+0.95,0.0,2,5298,买盘
1965,10:22:45,26.49,+0.95,0.01,13,34437,买盘
1966,10:22:42,26.48,+0.91,0.0,1,2648,卖盘
1967,10:22:39,26.48,+0.91,0.0,4,10592,卖盘
1968,10:22:36,26.48,+0.91,-0.01,3,7944,卖盘
1969,10:22:33,26.49,+0.95,0.01,1,2649,买盘
1970,10:22:27,26.48,+0.91,-0.01,4,10592,卖盘
1971,10:22:24,26.49,+0.95,0.0,80,211920,卖盘
1972,10:22:15,26.49,+0.95,0.0,3,7947,卖盘
1973,10:22:12,26.49,+0.95,-0.01,5,13245,卖盘
1974,10:22:09,26.5,+0.99,0.0,10,26500,买盘
1975,10:22:06,26.5,+0.99,0.0,1,2650,买盘
1976,10:22:03,26.5,+0.99,0.0,2,5300,买盘
1977,10:22:00,26.5,+0.99,0.01,3,7950,买盘
1978,10:21:48,26.49,+0.95,0.01,25,66225,买盘
1979,10:21:33,26.48,+0.91,0.0,1,2674,卖盘
1980,10:21:30,26.48,+0.91,0.0,28,74144,买盘
1981,10:21:27,26.48,+0.91,0.0,2,5296,买盘
1982,10:21:21,26.48,+0.91,0.0,15,39720,买盘
1983,10:21:18,26.48,+0.91,0.0,22,58256,卖盘
1984,10:21:03,26.48,+0.91,0.0,0,0,中性盘
1985,10:21:00,26.48,+0.91,0.01,1,2648,中性盘
1986,10:20:51,26.47,+0.88,-0.01,158,418226,卖盘
1987,10:20:36,26.48,+0.91,-0.01,1,2648,卖盘
1988,10:20:33,26.49,+0.95,0.01,2,5298,买盘
1989,10:20:30,26.48,+0.91,0.0,0,0,中性盘
1990,10:20:24,26.48,+0.91,0.0,0,0,买盘
1991,10:20:21,26.48,+0.91,0.0,9,23832,买盘
1992,10:20:18,26.48,+0.91,0.0,10,26480,买盘
1993,10:20:15,26.48,+0.91,-0.01,259,685832,卖盘
1994,10:20:09,26.49,+0.95,0.0,1,2649,买盘
1995,10:20:06,26.49,+0.95,0.0,1,2649,买盘
1996,10:20:03,26.49,+0.95,0.0,9,23841,买盘
1997,10:20:00,26.49,+0.95,0.01,100,264900,买盘
1998,10:19:54,26.48,+0.91,-0.01,2,5296,卖盘
1999,10:19:48,26.49,+0.95,0.0,2,5298,买盘
2000,10:19:45,26.49,+0.95,0.0,74,196026,卖盘
2001,10:19:36,26.49,+0.95,-0.01,45,119205,卖盘
2002,10:19:33,26.5,+0.99,0.0,2,5300,买盘
2003,10:19:27,26.5,+0.99,0.0,1,2650,中性盘
2004,10:19:27,26.5,+0.99,0.01,1,2650,买盘
2005,10:19:06,26.49,+0.95,-0.01,140,370860,卖盘
2006,10:19:03,26.5,+0.99,0.0,2,5300,买盘
2007,10:19:00,26.5,+0.99,0.0,2,5300,买盘
2008,10:18:57,26.5,+0.99,0.0,2,5300,买盘
2009,10:18:54,26.5,+0.99,0.0,2,5300,买盘
2010,10:18:45,26.5,+0.99,0.0,7,18550,卖盘
2011,10:18:39,26.5,+0.99,0.0,25,66250,卖盘
2012,10:18:36,26.5,+0.99,-0.01,3,7950,卖盘
2013,10:18:33,26.51,+1.03,0.01,6,15906,买盘
2014,10:18:12,26.5,+0.99,-0.01,5,13250,卖盘
2015,10:18:06,26.51,+1.03,0.0,2,5302,买盘
2016,10:18:03,26.51,+1.03,0.01,9,23859,买盘
2017,10:18:00,26.5,+0.99,0.0,48,127200,卖盘
2018,10:17:57,26.5,+0.99,0.0,2,5300,卖盘
2019,10:17:54,26.5,+0.99,-0.01,5,13250,卖盘
2020,10:17:51,26.51,+1.03,0.01,1,2651,买盘
2021,10:17:48,26.5,+0.99,0.0,0,0,中性盘
2022,10:17:42,26.5,+0.99,0.0,11,29150,买盘
2023,10:17:39,26.5,+0.99,0.0,14,37100,卖盘
2024,10:17:36,26.5,+0.99,0.0,0,0,中性盘
2025,10:17:33,26.5,+0.99,0.0,8,21200,买盘
2026,10:17:27,26.5,+0.99,-0.01,1,2650,买盘
2027,10:17:21,26.51,+1.03,0.0,0,0,买盘
2028,10:17:15,26.51,+1.03,0.01,4,10604,买盘
2029,10:17:12,26.5,+0.99,0.0,29,76850,卖盘
2030,10:17:08,26.5,+0.99,-0.01,42,111300,卖盘
2031,10:17:03,26.51,+1.03,0.01,11,29161,买盘
2032,10:16:57,26.5,+0.99,0.0,13,34450,卖盘
2033,10:16:54,26.5,+0.99,0.01,354,938100,买盘
2034,10:16:48,26.49,+0.95,-0.01,200,529800,卖盘
2035,10:16:42,26.5,+0.99,0.0,4,10600,买盘
2036,10:16:39,26.5,+0.99,0.0,1,2650,买盘
2037,10:16:36,26.5,+0.99,0.0,4,10600,买盘
2038,10:16:33,26.5,+0.99,0.0,1,2650,买盘
2039,10:16:30,26.5,+0.99,0.0,1,2650,买盘
2040,10:16:23,26.5,+0.99,0.0,1,2650,买盘
2041,10:16:14,26.5,+0.99,0.0,40,106000,买盘
2042,10:16:02,26.5,+0.99,0.01,2,5300,买盘
2043,10:15:56,26.49,+0.95,0.0,3,7947,卖盘
2044,10:15:53,26.49,+0.95,0.0,11,29139,卖盘
2045,10:15:44,26.49,+0.95,-0.01,100,264900,卖盘
2046,10:15:41,26.5,+0.99,0.0,5,13250,买盘
2047,10:15:38,26.5,+0.99,0.0,3,7950,买盘
2048,10:15:32,26.5,+0.99,0.01,92,243800,买盘
2049,10:15:29,26.49,+0.95,0.0,2,5298,卖盘
2050,10:15:23,26.49,+0.95,0.0,1,2649,卖盘
2051,10:15:14,26.49,+0.95,-0.01,6,15894,卖盘
2052,10:15:05,26.5,+0.99,0.0,2,5300,买盘
2053,10:15:02,26.5,+0.99,0.0,2,5300,买盘
2054,10:14:50,26.5,+0.99,0.01,6,15900,买盘
2055,10:14:44,26.49,+0.95,0.0,1,2649,卖盘
2056,10:14:38,26.49,+0.95,-0.01,3,7947,卖盘
2057,10:14:32,26.5,+0.99,0.01,12,31800,买盘
2058,10:14:29,26.49,+0.95,0.0,44,116556,卖盘
2059,10:14:26,26.49,+0.95,-0.01,104,275496,卖盘
2060,10:14:23,26.5,+0.99,0.0,2,5300,买盘
2061,10:14:20,26.5,+0.99,0.0,1,2650,买盘
2062,10:14:17,26.5,+0.99,0.0,1,2650,买盘
2063,10:14:14,26.5,+0.99,0.01,2,5300,买盘
2064,10:14:11,26.49,+0.95,-0.01,8,21192,卖盘
2065,10:14:08,26.5,+0.99,0.0,18,47700,买盘
2066,10:14:05,26.5,+0.99,0.0,0,0,买盘
2067,10:14:02,26.5,+0.99,0.0,23,60950,买盘
2068,10:14:02,26.5,+0.99,0.0,23,60950,中性盘
2069,10:14:02,26.5,+0.99,0.01,23,60950,买盘
2070,10:13:59,26.49,+0.95,0.0,22,58278,卖盘
2071,10:13:50,26.49,+0.95,0.0,28,74172,卖盘
2072,10:13:47,26.49,+0.95,-0.01,60,158940,卖盘
2073,10:13:35,26.5,+0.99,0.0,10,26500,买盘
2074,10:13:32,26.5,+0.99,0.01,20,53000,买盘
2075,10:13:29,26.49,+0.95,0.0,20,52980,卖盘
2076,10:13:26,26.49,+0.95,-0.01,3,7947,卖盘
2077,10:13:20,26.5,+0.99,0.01,71,188150,买盘
2078,10:13:17,26.49,+0.95,-0.01,3,7947,卖盘
2079,10:13:14,26.5,+0.99,0.01,9,23850,买盘
2080,10:13:11,26.49,+0.95,0.0,3,7947,卖盘
2081,10:13:08,26.49,+0.95,-0.01,25,66225,卖盘
2082,10:13:02,26.5,+0.99,0.01,4,10600,买盘
2083,10:12:59,26.49,+0.95,0.0,15,39735,卖盘
2084,10:12:56,26.49,+0.95,0.0,1,2649,卖盘
2085,10:12:53,26.49,+0.95,0.0,14,37086,卖盘
2086,10:12:47,26.49,+0.95,-0.01,13,34437,卖盘
2087,10:12:44,26.5,+0.99,0.01,35,92750,买盘
2088,10:12:38,26.49,+0.95,-0.01,6,15894,卖盘
2089,10:12:35,26.5,+0.99,0.0,20,53000,买盘
2090,10:12:32,26.5,+0.99,0.01,2,5300,买盘
2091,10:12:26,26.49,+0.95,0.0,1,2649,卖盘
2092,10:12:20,26.49,+0.95,-0.01,34,90066,卖盘
2093,10:12:14,26.5,+0.99,0.0,5,13250,买盘
2094,10:12:02,26.5,+0.99,0.01,2,5300,买盘
2095,10:11:56,26.49,+0.95,0.0,1,2649,卖盘
2096,10:11:47,26.49,+0.95,-0.01,5,13245,卖盘
2097,10:11:44,26.5,+0.99,0.0,10,26500,卖盘
2098,10:11:41,26.5,+0.99,0.0,1,2650,卖盘
2099,10:11:38,26.5,+0.99,0.0,203,537950,买盘
2100,10:11:35,26.5,+0.99,0.01,5,13250,买盘
2101,10:11:32,26.49,+0.95,0.0,75,198675,卖盘
2102,10:11:29,26.49,+0.95,0.0,8,21192,卖盘
2103,10:11:20,26.49,+0.95,0.0,8,21192,卖盘
2104,10:11:11,26.49,+0.95,0.0,15,39735,卖盘
2105,10:11:08,26.49,+0.95,-0.01,9,23841,卖盘
2106,10:11:05,26.5,+0.99,0.01,13,34450,买盘
2107,10:11:02,26.49,+0.95,0.0,63,166887,卖盘
2108,10:10:56,26.49,+0.95,0.0,1,2649,卖盘
2109,10:10:50,26.49,+0.95,0.0,258,683442,买盘
2110,10:10:47,26.49,+0.95,0.0,4,10596,买盘
2111,10:10:41,26.49,+0.95,0.0,12,31788,买盘
2112,10:10:38,26.49,+0.95,0.0,3,7947,买盘
2113,10:10:35,26.49,+0.95,0.01,25,66225,买盘
2114,10:10:29,26.48,+0.91,-0.01,9,23832,卖盘
2115,10:10:26,26.49,+0.95,0.01,10,26490,买盘
2116,10:10:23,26.48,+0.91,0.0,3,7944,卖盘
2117,10:10:20,26.48,+0.91,0.0,3,7944,卖盘
2118,10:10:17,26.48,+0.91,-0.01,1,2648,卖盘
2119,10:10:14,26.49,+0.95,0.01,170,451655,买盘
2120,10:10:05,26.48,+0.91,0.01,4,10592,买盘
2121,10:09:56,26.47,+0.88,0.0,1,2647,卖盘
2122,10:09:40,26.47,+0.88,0.0,7,18529,卖盘
2123,10:09:37,26.47,+0.88,-0.01,47,124409,卖盘
2124,10:09:34,26.48,+0.91,0.0,106,280688,买盘
2125,10:09:31,26.48,+0.91,0.01,33,87384,买盘
2126,10:09:28,26.47,+0.88,0.0,20,52940,卖盘
2127,10:09:22,26.47,+0.88,0.0,18,47646,卖盘
2128,10:09:16,26.47,+0.88,0.0,9,23823,买盘
2129,10:09:07,26.47,+0.88,0.0,1,2647,买盘
2130,10:09:04,26.47,+0.88,0.0,1,2647,买盘
2131,10:08:58,26.47,+0.88,0.01,125,330875,买盘
2132,10:08:55,26.46,+0.84,-0.01,6,15876,卖盘
2133,10:08:52,26.47,+0.88,0.0,2,5294,买盘
2134,10:08:49,26.47,+0.88,0.0,3,7941,买盘
2135,10:08:46,26.47,+0.88,0.0,103,272641,买盘
2136,10:08:43,26.47,+0.88,0.0,4,10588,买盘
2137,10:08:34,26.47,+0.88,0.0,2,5294,中性盘
2138,10:08:34,26.47,+0.88,0.0,2,5294,买盘
2139,10:08:28,26.47,+0.88,0.01,10,26470,买盘
2140,10:08:25,26.46,+0.84,0.01,3,7938,卖盘
2141,10:08:19,26.45,+0.80,0.0,2,5290,卖盘
2142,10:08:16,26.45,+0.80,-0.01,102,269790,卖盘
2143,10:08:13,26.46,+0.84,0.0,115,304290,买盘
2144,10:08:07,26.46,+0.84,0.0,55,145530,买盘
2145,10:08:04,26.46,+0.84,0.01,8,21168,买盘
2146,10:08:01,26.45,+0.80,-0.01,10,26450,卖盘
2147,10:07:58,26.46,+0.84,0.01,7,18522,买盘
2148,10:07:43,26.45,+0.80,-0.03,99,261855,卖盘
2149,10:07:37,26.48,+0.91,0.02,377,998296,买盘
2150,10:07:34,26.46,+0.84,0.0,73,194481,卖盘
2151,10:07:31,26.46,+0.84,0.01,165,437913,买盘
2152,10:07:28,26.45,+0.80,0.0,280,740600,卖盘
2153,10:07:19,26.45,+0.80,-0.01,7,18515,卖盘
2154,10:07:16,26.46,+0.84,-0.01,55,146853,卖盘
2155,10:07:10,26.47,+0.88,0.0,51,134997,买盘
2156,10:07:07,26.47,+0.88,0.0,1,2647,买盘
2157,10:07:04,26.47,+0.88,0.01,8,22500,买盘
2158,10:07:01,26.46,+0.84,0.01,1,2646,买盘
2159,10:06:58,26.45,+0.80,-0.03,3,7935,卖盘
2160,10:06:52,26.48,+0.91,0.0,0,0,买盘
2161,10:06:49,26.48,+0.91,0.0,38,100624,买盘
2162,10:06:46,26.48,+0.91,0.0,10,26480,买盘
2163,10:06:43,26.48,+0.91,0.0,18,47664,买盘
2164,10:06:40,26.48,+0.91,0.02,212,561376,买盘
2165,10:06:37,26.46,+0.84,0.01,58,153468,买盘
2166,10:06:34,26.45,+0.80,0.0,3,7935,买盘
2167,10:06:31,26.45,+0.80,-0.01,9,23805,卖盘
2168,10:06:25,26.46,+0.84,0.0,123,325458,买盘
2169,10:06:19,26.46,+0.84,-0.01,1,2646,中性盘
2170,10:06:16,26.47,+0.88,0.01,34,89998,买盘
2171,10:06:10,26.46,+0.84,0.04,14,37044,买盘
2172,10:06:07,26.42,+0.69,0.0,0,0,卖盘
2173,10:06:04,26.42,+0.69,0.0,0,0,中性盘
2174,10:06:01,26.42,+0.69,-0.04,4,10568,卖盘
2175,10:05:58,26.46,+0.84,0.0,2,5292,买盘
2176,10:05:52,26.46,+0.84,0.0,1,2646,买盘
2177,10:05:46,26.46,+0.84,0.0,36,95256,买盘
2178,10:05:43,26.46,+0.84,0.04,21,55566,买盘
2179,10:05:37,26.42,+0.69,-0.05,1,2642,卖盘
2180,10:05:34,26.47,+0.88,0.0,0,0,买盘
2181,10:05:22,26.47,+0.88,0.01,50,132350,买盘
2182,10:05:19,26.46,+0.84,0.0,99,261954,卖盘
2183,10:05:16,26.46,+0.84,0.0,110,291060,卖盘
2184,10:05:13,26.46,+0.84,0.0,2,5292,卖盘
2185,10:05:10,26.46,+0.84,-0.01,2,5292,卖盘
2186,10:05:04,26.47,+0.88,0.01,2,5294,买盘
2187,10:04:58,26.46,+0.84,0.0,295,781311,卖盘
2188,10:04:55,26.46,+0.84,0.06,318,843333,买盘
2189,10:04:49,26.4,+0.61,0.0,2,5280,买盘
2190,10:04:46,26.4,+0.61,-0.02,50,134297,卖盘
2191,10:04:43,26.42,+0.69,-0.03,70,184940,买盘
2192,10:04:37,26.45,+0.80,0.02,9,23805,买盘
2193,10:04:34,26.43,+0.72,0.0,0,0,买盘
2194,10:04:25,26.43,+0.72,0.0,1,3965,卖盘
2195,10:04:22,26.43,+0.72,0.01,5,14537,买盘
2196,10:04:19,26.42,+0.69,0.02,7,18494,卖盘
2197,10:04:15,26.4,+0.61,0.0,0,0,卖盘
2198,10:04:12,26.4,+0.61,0.0,14,36960,卖盘
2199,10:04:03,26.4,+0.61,0.0,0,0,卖盘
2200,10:04:00,26.4,+0.61,0.0,3,8263,买盘
2201,10:03:57,26.4,+0.61,0.01,19,50160,买盘
2202,10:03:54,26.39,+0.57,-0.01,8,21112,卖盘
2203,10:03:48,26.4,+0.61,0.01,127,335280,买盘
2204,10:03:39,26.39,+0.57,0.01,5,13195,买盘
2205,10:03:36,26.38,+0.53,0.0,3,7914,卖盘
2206,10:03:33,26.38,+0.53,-0.01,21,55398,卖盘
2207,10:03:30,26.39,+0.57,0.0,5,13195,买盘
2208,10:03:27,26.39,+0.57,-0.01,1,2639,卖盘
2209,10:03:21,26.4,+0.61,0.02,4,10560,买盘
2210,10:03:18,26.38,+0.53,-0.01,3,7914,卖盘
2211,10:03:12,26.39,+0.57,-0.01,2,5278,卖盘
2212,10:03:09,26.4,+0.61,0.0,0,0,买盘
2213,10:03:09,26.4,+0.61,0.0,0,0,中性盘
2214,10:03:09,26.4,+0.61,0.0,0,0,买盘
2215,10:03:06,26.4,+0.61,0.0,7,18480,买盘
2216,10:03:03,26.4,+0.61,0.03,486,1283040,买盘
2217,10:03:00,26.37,+0.50,-0.02,7,18459,卖盘
2218,10:02:54,26.39,+0.57,0.01,1,2639,中性盘
2219,10:02:51,26.38,+0.53,-0.02,310,817780,卖盘
2220,10:02:47,26.4,+0.61,0.0,1,2640,买盘
2221,10:02:45,26.4,+0.61,0.0,9,23760,买盘
2222,10:02:39,26.4,+0.61,0.0,0,0,买盘
2223,10:02:36,26.4,+0.61,0.0,99,261360,买盘
2224,10:02:33,26.4,+0.61,0.0,1,2640,买盘
2225,10:02:30,26.4,+0.61,-0.05,165,437897,卖盘
2226,10:02:21,26.45,+0.80,-0.01,19,50255,卖盘
2227,10:02:18,26.46,+0.84,0.0,26,68796,买盘
2228,10:02:15,26.46,+0.84,0.0,2,5292,买盘
2229,10:02:12,26.46,+0.84,0.02,81,214326,买盘
2230,10:02:09,26.44,+0.76,0.0,0,0,中性盘
2231,10:02:06,26.44,+0.76,-0.01,6,15864,中性盘
2232,10:02:03,26.45,+0.80,-0.01,19,50255,买盘
2233,10:01:54,26.46,+0.84,0.0,10,26460,买盘
2234,10:01:51,26.46,+0.84,0.0,2,5292,买盘
2235,10:01:48,26.46,+0.84,0.0,0,0,买盘
2236,10:01:36,26.46,+0.84,0.05,1,2646,买盘
2237,10:01:33,26.41,+0.65,0.0,20,52820,卖盘
2238,10:01:27,26.41,+0.65,0.0,0,0,卖盘
2239,10:01:15,26.41,+0.65,0.0,9,23769,卖盘
2240,10:01:09,26.41,+0.65,0.0,0,0,卖盘
2241,10:01:06,26.41,+0.65,-0.07,1,2641,卖盘
2242,10:01:03,26.48,+0.91,0.08,300,794400,买盘
2243,10:01:00,26.4,+0.61,-0.01,5,13200,卖盘
2244,10:00:57,26.41,+0.65,0.0,3,7923,卖盘
2245,10:00:54,26.41,+0.65,0.0,1,2641,卖盘
2246,10:00:51,26.41,+0.65,0.01,9,23769,卖盘
2247,10:00:48,26.4,+0.61,0.0,0,0,卖盘
2248,10:00:45,26.4,+0.61,0.01,348,919063,买盘
2249,10:00:39,26.39,+0.57,-0.01,377,994903,卖盘
2250,10:00:36,26.4,+0.61,0.0,8,21120,买盘
2251,10:00:33,26.4,+0.61,-0.06,268,709817,卖盘
2252,10:00:30,26.46,+0.84,0.0,4,10637,买盘
2253,10:00:27,26.46,+0.84,0.02,274,725004,买盘
2254,10:00:24,26.44,+0.76,0.0,3,7932,卖盘
2255,10:00:21,26.44,+0.76,-0.01,5,13220,卖盘
2256,10:00:18,26.45,+0.80,0.0,10,26450,买盘
2257,10:00:06,26.45,+0.80,0.0,1,2645,买盘
2258,10:00:03,26.45,+0.80,-0.01,1,2645,买盘
2259,10:00:00,26.46,+0.84,0.0,0,0,买盘
2260,09:59:51,26.46,+0.84,0.0,6,18469,卖盘
2261,09:59:45,26.46,+0.84,0.0,1,2646,卖盘
2262,09:59:42,26.46,+0.84,0.0,102,269892,卖盘
2263,09:59:39,26.46,+0.84,0.03,30,79433,买盘
2264,09:59:36,26.43,+0.72,-0.01,4,10572,卖盘
2265,09:59:33,26.44,+0.76,0.0,5,13220,买盘
2266,09:59:26,26.44,+0.76,0.0,2,5288,中性盘
2267,09:59:24,26.44,+0.76,-0.02,33,87252,卖盘
2268,09:59:21,26.46,+0.84,0.01,22,58212,买盘
2269,09:59:09,26.45,+0.80,-0.01,26,71362,卖盘
2270,09:59:05,26.46,+0.84,-0.01,4,10584,卖盘
2271,09:59:03,26.47,+0.88,0.02,89,235583,买盘
2272,09:59:00,26.45,+0.80,-0.02,124,327980,卖盘
2273,09:58:57,26.47,+0.88,0.01,37,97939,买盘
2274,09:58:54,26.46,+0.84,0.0,17,46887,卖盘
2275,09:58:51,26.46,+0.84,-0.01,1,2646,卖盘
2276,09:58:45,26.47,+0.88,0.0,38,100586,买盘
2277,09:58:42,26.47,+0.88,0.01,10,26470,买盘
2278,09:58:36,26.46,+0.84,-0.01,10,26460,卖盘
2279,09:58:33,26.47,+0.88,-0.01,1,2647,买盘
2280,09:58:24,26.48,+0.91,0.01,15,39720,买盘
2281,09:58:18,26.47,+0.88,0.0,11,29117,卖盘
2282,09:58:15,26.47,+0.88,-0.01,25,66175,卖盘
2283,09:58:12,26.48,+0.91,0.02,5,13981,买盘
2284,09:58:09,26.46,+0.84,-0.02,41,108486,卖盘
2285,09:58:06,26.48,+0.91,0.0,11,29128,买盘
2286,09:58:03,26.48,+0.91,0.0,2,5296,中性盘
2287,09:58:00,26.48,+0.91,0.0,0,0,中性盘
2288,09:57:57,26.48,+0.91,0.03,2,5296,中性盘
2289,09:57:54,26.45,+0.80,-0.05,292,772393,卖盘
2290,09:57:45,26.5,+0.99,0.0,6,15900,买盘
2291,09:57:42,26.5,+0.99,0.0,20,53000,买盘
2292,09:57:42,26.5,+0.99,0.0,20,53000,中性盘
2293,09:57:42,26.5,+0.99,0.0,20,53000,买盘
2294,09:57:39,26.5,+0.99,0.0,16,42400,买盘
2295,09:57:36,26.5,+0.99,0.0,9,23850,买盘
2296,09:57:33,26.5,+0.99,0.0,2,5300,买盘
2297,09:57:30,26.5,+0.99,0.0,4,10600,买盘
2298,09:57:24,26.5,+0.99,0.0,1,2650,买盘
2299,09:57:18,26.5,+0.99,-0.02,27,71550,卖盘
2300,09:57:15,26.52,+1.07,0.02,10,26520,买盘
2301,09:57:12,26.5,+0.99,0.0,2,5300,卖盘
2302,09:57:09,26.5,+0.99,-0.02,109,288850,卖盘
2303,09:57:06,26.52,+1.07,0.01,26,68952,买盘
2304,09:57:03,26.51,+1.03,0.06,6,15906,中性盘
2305,09:56:57,26.45,+0.80,0.01,6,15870,买盘
2306,09:56:54,26.44,+0.76,-0.01,17,44948,卖盘
2307,09:56:51,26.45,+0.80,0.01,33,87285,买盘
2308,09:56:48,26.44,+0.76,-0.01,10,26440,卖盘
2309,09:56:45,26.45,+0.80,0.0,37,97865,买盘
2310,09:56:42,26.45,+0.80,0.0,5,13225,买盘
2311,09:56:39,26.45,+0.80,0.0,50,132250,买盘
2312,09:56:36,26.45,+0.80,-0.1,78,206310,卖盘
2313,09:56:33,26.55,+1.18,0.0,156,414180,买盘
2314,09:56:30,26.55,+1.18,0.01,20,53100,买盘
2315,09:56:27,26.54,+1.14,0.0,8,21232,买盘
2316,09:56:24,26.54,+1.14,-0.01,1,2654,卖盘
2317,09:56:21,26.55,+1.18,0.01,17,45135,买盘
2318,09:56:18,26.54,+1.14,0.0,65,172510,卖盘
2319,09:56:15,26.54,+1.14,0.0,1,2654,卖盘
2320,09:56:12,26.54,+1.14,-0.01,18,47772,卖盘
2321,09:56:09,26.55,+1.18,0.01,1,2655,买盘
2322,09:56:06,26.54,+1.14,-0.01,7,18578,卖盘
2323,09:56:03,26.55,+1.18,0.01,6,15930,买盘
2324,09:56:00,26.54,+1.14,0.0,10,26540,卖盘
2325,09:55:57,26.54,+1.14,0.0,11,29194,卖盘
2326,09:55:54,26.54,+1.14,0.01,54,143316,买盘
2327,09:55:51,26.53,+1.11,0.09,133,352849,买盘
2328,09:55:48,26.44,+0.76,0.0,0,0,卖盘
2329,09:55:45,26.44,+0.76,-0.06,37,97828,卖盘
2330,09:55:39,26.5,+0.99,0.02,510,1351500,买盘
2331,09:55:33,26.48,+0.91,-0.01,5,13240,卖盘
2332,09:55:30,26.49,+0.95,-0.01,13,34437,卖盘
2333,09:55:24,26.5,+0.99,0.0,0,0,买盘
2334,09:55:18,26.5,+0.99,0.01,42,111300,买盘
2335,09:55:15,26.49,+0.95,0.02,38,100662,买盘
2336,09:55:12,26.47,+0.88,-0.02,23,60881,卖盘
2337,09:55:05,26.49,+0.95,0.0,4,10596,买盘
2338,09:55:03,26.49,+0.95,-0.01,18,47682,卖盘
2339,09:54:59,26.5,+0.99,0.0,3,7950,买盘
2340,09:54:57,26.5,+0.99,0.01,3,7950,买盘
2341,09:54:54,26.49,+0.95,-0.01,4,10596,卖盘
2342,09:54:48,26.5,+0.99,0.0,59,156350,买盘
2343,09:54:45,26.5,+0.99,0.0,272,720800,卖盘
2344,09:54:42,26.5,+0.99,0.0,14,37100,卖盘
2345,09:54:35,26.5,+0.99,0.04,365,967250,买盘
2346,09:54:32,26.46,+0.84,0.0,2,5292,买盘
2347,09:54:29,26.46,+0.84,-0.03,6,15876,卖盘
2348,09:54:23,26.49,+0.95,-0.01,2,5298,买盘
2349,09:54:17,26.5,+0.99,0.0,53,140450,买盘
2350,09:54:14,26.5,+0.99,0.0,44,116600,买盘
2351,09:54:11,26.5,+0.99,0.0,4,10600,买盘
2352,09:54:08,26.5,+0.99,0.0,5,13250,买盘
2353,09:54:05,26.5,+0.99,-0.01,1,2650,买盘
2354,09:54:02,26.51,+1.03,0.0,0,0,买盘
2355,09:53:59,26.51,+1.03,0.01,104,275704,买盘
2356,09:53:56,26.5,+0.99,0.1,279,739642,买盘
2357,09:53:53,26.4,+0.61,-0.04,177,469630,卖盘
2358,09:53:50,26.44,+0.76,-0.04,386,1020584,卖盘
2359,09:53:47,26.48,+0.91,0.04,355,940040,买盘
2360,09:53:38,26.44,+0.76,0.01,163,430972,买盘
2361,09:53:35,26.43,+0.72,0.02,11,29073,买盘
2362,09:53:32,26.41,+0.65,0.01,10,26410,买盘
2363,09:53:29,26.4,+0.61,0.01,375,990290,买盘
2364,09:53:20,26.39,+0.57,0.0,5,13195,卖盘
2365,09:53:17,26.39,+0.57,-0.01,1,2639,卖盘
2366,09:53:11,26.4,+0.61,0.0,11,29040,买盘
2367,09:53:05,26.4,+0.61,0.0,27,71280,卖盘
2368,09:53:02,26.4,+0.61,0.0,0,0,卖盘
2369,09:52:56,26.4,+0.61,0.0,24,63360,买盘
2370,09:52:50,26.4,+0.61,0.01,70,184800,买盘
2371,09:52:47,26.39,+0.57,-0.01,12,31668,中性盘
2372,09:52:44,26.4,+0.61,0.01,322,850080,买盘
2373,09:52:38,26.39,+0.57,0.01,7,18473,买盘
2374,09:52:35,26.38,+0.53,-0.01,7,18466,卖盘
2375,09:52:32,26.39,+0.57,-0.01,3,7917,买盘
2376,09:52:23,26.4,+0.61,0.01,50,132000,买盘
2377,09:52:17,26.39,+0.57,0.0,13,34307,卖盘
2378,09:52:14,26.39,+0.57,0.0,21,55419,中性盘
2379,09:52:14,26.39,+0.57,-0.01,21,55419,卖盘
2380,09:52:11,26.4,+0.61,0.0,81,213840,买盘
2381,09:52:05,26.4,+0.61,0.0,1,2640,买盘
2382,09:52:02,26.4,+0.61,0.0,7,18480,买盘
2383,09:51:59,26.4,+0.61,0.0,13,34320,买盘
2384,09:51:56,26.4,+0.61,0.0,2,5280,买盘
2385,09:51:50,26.4,+0.61,0.0,377,995280,买盘
2386,09:51:47,26.4,+0.61,-0.04,307,810480,卖盘
2387,09:51:44,26.44,+0.76,0.01,12,31728,买盘
2388,09:51:35,26.43,+0.72,0.0,15,39645,买盘
2389,09:51:32,26.43,+0.72,0.01,1,2643,买盘
2390,09:51:26,26.42,+0.69,0.0,3,7926,卖盘
2391,09:51:17,26.42,+0.69,0.0,1,2642,卖盘
2392,09:51:11,26.42,+0.69,-0.01,3,7926,中性盘
2393,09:51:08,26.43,+0.72,0.03,13,34359,买盘
2394,09:51:05,26.4,+0.61,-0.02,10,26400,卖盘
2395,09:51:02,26.42,+0.69,0.02,1,2642,买盘
2396,09:50:53,26.4,+0.61,0.0,7,18480,卖盘
2397,09:50:50,26.4,+0.61,0.02,21,55440,买盘
2398,09:50:47,26.38,+0.53,-0.01,6,15828,中性盘
2399,09:50:44,26.39,+0.57,0.02,11,29029,买盘
2400,09:50:41,26.37,+0.50,-0.04,110,290070,卖盘
2401,09:50:35,26.41,+0.65,0.01,10,26410,买盘
2402,09:50:26,26.4,+0.61,-0.05,995,2628701,卖盘
2403,09:50:17,26.45,+0.80,0.0,0,0,卖盘
2404,09:50:14,26.45,+0.80,0.02,16,42320,中性盘
2405,09:50:11,26.43,+0.72,0.01,11,29073,中性盘
2406,09:50:08,26.42,+0.69,-0.01,315,832230,卖盘
2407,09:50:05,26.43,+0.72,0.0,1,2643,买盘
2408,09:50:02,26.43,+0.72,0.02,18,47574,买盘
2409,09:49:59,26.41,+0.65,0.0,9,23769,卖盘
2410,09:49:56,26.41,+0.65,0.0,502,1325782,卖盘
2411,09:49:53,26.41,+0.65,-0.01,18,47538,卖盘
2412,09:49:47,26.42,+0.69,-0.01,29,76618,中性盘
2413,09:49:44,26.43,+0.72,0.02,2,5286,买盘
2414,09:49:41,26.41,+0.65,-0.02,134,353894,卖盘
2415,09:49:38,26.43,+0.72,0.0,31,81933,买盘
2416,09:49:35,26.43,+0.72,0.0,2,5286,买盘
2417,09:49:32,26.43,+0.72,0.0,454,1199922,买盘
2418,09:49:29,26.43,+0.72,0.0,10,26430,买盘
2419,09:49:26,26.43,+0.72,0.0,6,15858,买盘
2420,09:49:20,26.43,+0.72,-0.02,447,1181421,卖盘
2421,09:49:17,26.45,+0.80,-0.03,168,444360,卖盘
2422,09:49:14,26.48,+0.91,0.01,21,55608,买盘
2423,09:49:11,26.47,+0.88,0.0,36,95292,卖盘
2424,09:49:08,26.47,+0.88,0.0,17,44999,卖盘
2425,09:49:05,26.47,+0.88,0.0,11,29117,卖盘
2426,09:49:01,26.47,+0.88,0.01,357,944979,买盘
2427,09:48:58,26.46,+0.84,0.01,10,26460,买盘
2428,09:48:55,26.45,+0.80,-0.01,7,18515,卖盘
2429,09:48:52,26.46,+0.84,-0.01,32,84672,卖盘
2430,09:48:46,26.47,+0.88,0.01,2,5294,买盘
